2662 3920
480 711 832 796 PRAEFATIO.

215 957 364 1018 Volumen
378 958 520 1035 quartum
530 957 659 1036 Dionysi
667 956 927 1019 Halicarnaseneis
936 956 1166 1035 Antiquitatum

31 1062 38 1091 ³
144 1055 350 1116 Romanarum
373 1075 425 1118 our
446 1075 526 1116 nunc
544 1055 663 1116 demum
681 1057 712 1116 in
730 1057 828 1117 lucem
847 1055 997 1117 emiserim
1015 1089 1058 1097 -
1076 1054 1166 1115 multi

43 1153 68 1184 0
145 1153 224 1214 enim
247 1155 319 1215 anni
341 1155 569 1232 praeterierunt,
592 1157 629 1215 ut
646 1155 787 1217 volumen
804 1155 928 1214 tertium
947 1153 1028 1214 edidi
1046 1187 1089 1197 -
1108 1155 1165 1214 hoc

144 1253 210 1314 loco
237 1272 343 1316 causas
371 1253 487 1331 afferre,
515 1272 590 1330 quas
618 1254 729 1314 multas
752 1252 862 1328 babeo,
886 1251 1044 1314 consilinm
1066 1273 1165 1313 meum

144 1370 203 1410 non
231 1353 289 1429 est,
317 1353 392 1413 eatis
420 1353 467 1412 est
493 1371 543 1413 coe
566 1352 657 1414 libros
682 1355 774 1430 atque
797 1350 928 1428 libellos,
951 1350 1063 1430 quiex
1086 1371 1165 1412 anno

145 1450 242 1526 1888,
265 1469 325 1526 quc
349 1469 427 1509 anno
446 1451 586 1511 volumen
609 1451 738 1511 alterum
760 1450 926 1529 publicavi,
947 1450 1068 1530 vulgati
1086 1452 1165 1526 sunt,

144 1547 300 1626 colliger03
319 1551 390 1608 eunt
412 1551 515 1610 autem
537 1551 584 1610 hi:

240 1647 286 1716 21)
304 1647 334 1702 L.
349 1647 383 1702 Κ.
398 1647 556 1717 Enthoven,
579 1648 844 1705 Animadversionee
869 1648 985 1704 criticae
1010 1647 1048 1703 ad
1072 1665 1165 1704 rerum

303 1728 453 1798 scriptores
476 1728 605 1785 Graecos.
644 1729 807 1800 Straliburg.
841 1734 919 1785 1888.
953 1747 981 1800 p.
1002 1734 1164 1785 198-201.

302 1808 562 1878 (Separatabdruclr
589 1826 639 1865 aus
666 1810 716 1866 der
740 1809 908 1866 Festschrift
932 1810 982 1866 dee
1005 1811 1166 1866 Proteetan·

304 1890 415 1945 tisohen
434 1889 652 1962 Gymnasiums.)

239 1981 283 2050 22)
303 1983 336 2034 Σ.
353 1978 460 2049 Boione,
486 1979 669 2052 spicilegium
693 1981 823 2036 criticum
841 1981 872 2036 in
890 1979 1019 2050 Dionysii
1037 1979 1166 2034 Halicar-

303 2061 444 2115 nasseneis
471 2061 683 2131 Antiquitatum
712 2062 903 2117 Romanarum
939 2059 1031 2115 tribue
1066 2061 1165 2131 primis

302 2139 397 2208 libris,
420 2142 496 2211 quod
519 2144 612 2198 exstat
629 2143 660 2198 in
678 2159 711 2199 eo
730 2141 815 2210 libro,
839 2143 889 2212 qui
912 2140 1087 2196 inscribitur:
1123 2140 1166 2196 Τὰ

302 2220 376 2276 κατὰ
395 2221 447 2292 τὴν
466 2221 565 2294 ἑορτὴν
582 2231 631 2294 τῆς
649 2219 961 2293 Πεντηκονταετηρίδος
977 2230 1027 2277 τοῦ
1046 2221 1165 2277 ἐθνικοῦ

302 2299 532 2372 Πανεπιστημίου
547 2300 722 2374 ἐκδιδόμενα.
744 2303 846 2358 Athon.
867 2307 945 2357 1888.
966 2321 994 2372 p.
1006 2308 1164 2357 211-245.

238 2391 283 2460 23)
303 2389 370 2445 Otto
388 2390 473 2458 Paul,
496 2391 715 2448 Emendationes
738 2391 942 2463 Dionysianae;
965 2392 1000 2447 cf.
1021 2391 1165 2447 Commen-

302 2470 426 2526 tationes
451 2471 611 2544 philologos
636 2473 667 2527 in
689 2473 824 2528 honorem
847 2471 1005 2528 Ribbeckii.
1043 2473 1165 2542 Lipsiae,

302 2549 440 2606 Teubner.
471 2557 548 2608 1888.
576 2571 604 2623 p.
620 2558 780 2608 oce-ou.

238 2641 284 2708 24)
301 2639 418 2694 Joannis
446 2639 627 2698 Ganabutnae
659 2642 696 2698 ad
728 2643 886 2714 principem
913 2643 985 2698 Aeni
1013 2645 1042 2698 ct
1069 2642 1165 2698 Samo-

302 2719 415 2777 thraces
433 2722 464 2778 in
478 2721 644 2793 Dionysium
658 2723 923 2779 Halicarnasensem
939 2724 1164 2779 commentarius.

302 2801 428 2856 Primum
460 2803 551 2859 edidit
583 2806 669 2874 atquc
701 2803 847 2875 praefatus
879 2806 923 2860 eet
954 2804 1165 2859 Maximilianus

302 2883 452 2938 Lehnerdt.
489 2883 615 2953 Lipsiae,
634 2883 771 2942 Teubner.
801 2890 879 2942 1890.
907 2883 997 2952 XXII,
1017 2885 1092 2940 918.

239 2973 284 3042 28)
302 2971 327 3028 J.
351 2972 465 3041 Flierle,
495 2960 583 3030 Uber·
598 2974 842 3046 Nachabmungen
875 2976 924 3030 dee
953 2974 1164 3058 Demosthenes,

301 3051 481 3123 Thucydides
490 3054 549 3108 und
558 3053 715 3126 Xenophon
724 3057 755 3110 in
764 3056 819 3112 den
828 3055 926 3112 Reden
936 3055 1165 3110 derRomischen

301 3133 489 3204 Arch'aologie
508 3135 557 3189 dee
576 3135 728 3206 Dionysius
746 3153 801 3192 von
816 3137 1006 3192 Halicarnaes.
1039 3136 1163 3206 Leipzig,

301 3213 387 3270 Fock.
417 3220 495 3270 1890.
523 3220 557 3271 88
572 3216 599 3271 8.

240 3304 285 3373 28)
303 3302 338 3360 V.
351 3303 526 3372 Nordetrom,
545 3304 588 3360 De
605 3305 801 3362 institutorum
814 3307 1005 3363 Romanorum
1019 3305 1164 3360 vocabulis

301 3383 431 3455 Dionysii
462 3385 720 3442 Halicarnassensis
755 3388 942 3458 quaestiones.
998 3387 1162 3442 Helsinfors.

302 3463 419 3536 (Berlin,
438 3465 562 3538 Weber.)
591 3472 668 3522 1890.
697 3468 744 3537 IV,
764 3473 798 3523 89
814 3469 840 3523 8.
