2656 3932
578 245 611 254 ·-
649 218 664 268 Ι
699 244 733 254 -
1119 215 1161 282 95

143 344 258 425 λαβεῖν
281 343 349 430 τὴν
368 340 477 426 χάριν,
504 337 576 406 ἀλλ’
594 339 768 418 ἐπαινέσας
794 344 873 418 τοὺς
896 339 1084 426 δημάρχους
1106 349 1164 424 τῆς

143 449 335 534 προθυμίας
362 447 550 514 ἀποδώσειν
577 443 641 532 ἔφη
664 448 726 532 την
748 448 936 531 καταδίκην.
985 448 1077 532 ἱερὰν
1099 448 1163 531 γὰρ

141 555 206 640 ἤδη
229 565 297 620 τῶν
314 560 407 622 θεῶν
426 548 527 638 εἶναι,
549 554 605 620 καλ
628 554 705 620 οὔτε
728 555 840 621 δίκαια
862 554 939 620 οὔτε
961 554 1037 620 όσια
1055 563 1164 620 ποιεῖν

144 662 337 747 ἀποστερῶν
368 664 447 739 τοὺς
475 661 593 746 θεούς,
629 661 650 726 δ
682 661 823 727 δίδωσιν
854 661 968 740 αὐτοῖς
999 660 1018 727 ό
1050 663 1164 744 νόμος·

143 769 199 857 καί
230 766 386 852 ἐποίησεν
418 767 531 846 οὕτως.
581 766 768 854 γραφέντος
800 767 839 834 δέ
869 776 930 834 τοῦ
959 741 1209 869 προβουλεά-ιδ5

143 899 259 960 ματος,
303 875 359 940 καῖ
400 877 480 958 μετὰ
519 872 611 942 ταῦτ’
647 873 914 961 ἐπικυρώσαντος
955 884 1016 942 τοῦ
1057 876 1164 960 δήμου

144 983 299 1069 πρέσβεις
331 982 579 1068 ἀπεδείχθησαν
611 983 645 1050 οί
675 985 754 1060 τοὺς
786 985 874 1069 παρὰ
905 994 973 1048 τῶν
996 980 1165 1067 Ἑλλήνων

144 1092 269 1173 νόμους
300 1091 496 1174 ληψόμενοι,
528 1086 677 1175 Σπόριος
704 1092 893 1174 Ποστόμιος
920 1089 976 1156 καί
1003 1090 1166 1175 Σερούιος

145 1199 326 1273 Σολπίκιος
354 1196 410 1262 καί
433 1191 546 1274 Αὖλος
569 1196 734 1275 Μάλλιος·
767 1190 817 1275 οίς
843 1200 988 1284 τριήρεις
1016 1219 1052 1262 τε
1083 1217 1166 1282 παρ-

63 1321 134 1372 21³1
145 1303 398 1388 εσκευάσθησαν
430 1301 467 1370 ἐκ
488 1311 549 1369 τοῦ
577 1304 739 1388 δημοσίου
762 1305 816 1370 καλ
845 1306 944 1383 ἀλλος
970 1306 1093 1387 κόσμος
1119 1305 1211 1382 εἰςιν

146 1408 305 1488 ἐπίδειξιν
336 1421 394 1503 τῆς
424 1411 602 1495 ἡγεμονίας
634 1411 798 1498 ἀποχρῶν.
848 1411 903 1477 καλ
934 1413 972 1478 τὸ
1000 1408 1073 1490 έτος
1100 1409 1167 1476 έτε-

145 1517 252 1583 λεάτα.

218 1622 301 1690 LIIL
321 1620 396 1690 Ἐπί
424 1623 462 1690 δὲ
484 1635 542 1710 τῆς
565 1624 787 1710 ὀγδοηκοστῆς
809 1625 865 1692 καί
887 1624 1044 1712 δευτέρας
1067 1625 1167 1708 ὀλυμ-

147 1729 279 1814 πιάδος,
323 1731 367 1814 ἣν
412 1729 505 1796 ένίκα
550 1732 687 1798 στάδιον
732 1733 844 1810 Λύκος
889 1734 1056 1809 Θεσσαλὸς
1102 1731 1166 1798 ἀπὸ

146 1839 309 1922 Λαρίσης,
332 1839 493 1923 ἄρχοντος
512 1834 675 1924 Ἀθήνησι
697 1839 945 1925 Χαιρεφάνους,
971 1837 1055 1906 έτών
1077 1861 1167 1926 τρια·
1187 1856 1211 1897 1⁵

145 1945 270 2010 κοσίων
292 1943 597 2031 ἐκπεπληρωμένων
627 1946 692 2012 ἀπὸ
715 1956 775 2012 τοῦ
794 1945 916 2032 Ῥώμης
938 1954 1167 2029 συνοικισμοῦ,

149 2053 303 2130 Ποπλίου
330 2049 482 2138 Ὁρατίου
518 2053 573 2118 καλ
606 2052 733 2132 Σέξτου
770 2056 966 2120 Κοιντιλίου
998 2053 1168 2136 διαδεδεγ·

146 2157 256 2240 μένων
296 2160 359 2244 τὴν
398 2158 527 2226 ὕπατον
564 2159 680 2244 ἀρχήν,
721 2161 851 2244 λοιμικὴ
887 2161 988 2236 νόσος
1024 2160 1072 2236 είς
1106 2161 1168 2242 τὴν

142 2262 268 2350 Ῥώμην
312 2265 496 2350 κατέσκηψε
540 2269 677 2351 μεγίστη
717 2277 786 2333 τῶν
826 2265 862 2332 έκ
902 2275 962 2332 τοῦ
1003 2265 1167 2352 προτέρου

146 2373 278 2458 χρόνου,
303 2372 617 2456 μνημονευομένων·
648 2370 706 2458 ὑφ’
735 2369 775 2457 ἧς
807 2374 840 2439 οῖ
870 2373 932 2457 μέν
962 2373 1168 2458 θεράποντες
1186 2397 1213 2436 εο

148 2479 264 2564 ὀλίγον
305 2477 446 2564 ἐδέησαν
484 2481 605 2557 πάντες
641 2479 842 2565 ἀπολέσθαι,
882 2491 950 2546 τών
986 2477 1017 2545 δ’
1058 2481 1168 2546 ἀλλων

147 2591 293 2651 πολιτῶν
312 2584 398 2672 ἀμφὶ
420 2590 499 2664 τοὺς
520 2588 648 2671 ἡμίσεις
665 2587 806 2671 μάλιστα
824 2587 1069 2674 διεφθάρησαν,
1092 2589 1169 2653 οὔτε

147 2703 216 2758 τών
254 2694 376 2779 ἰατρῶν
412 2693 607 2780 ἀρκούντων
644 2691 692 2760 ἔτι
727 2698 870 2780 βοηθεῖν
901 2704 971 2773 τοῖς
1003 2695 1168 2779 καμάτοις,

149 2801 226 2865 οὔτε
258 2801 390 2866 οἰκείων
421 2800 442 2886 η
471 2803 580 2887 φίλων
611 2801 794 2887 τάναγκαῖα
821 2801 1086 2889 ὑπηρετούντων.
1136 2803 1207 2867 οίθ

220 2981 236 3030 3
261 2983 353 3030 ποιεῖν
382 2973 418 3031 ἀν
446 2993 468 3032 ο.
493 2977 622 3033 ΗειίΙοὶο
648 2977 765 3034 Hermes
787 2976 813 3030 X
835 2983 888 3032 420
921 2975 985 3032 όοια
1013 2975 1049 3031 ἀν
1076 2985 1168 3031 ποιεῖν

149 3045 237 3101 Cobet
255 3047 319 3102 obs.
339 3065 367 3116 p.
383 3053 435 3102 200
494 3053 511 3104 8
530 3047 683 3118 αερουίλιος
702 3047 844 3112 σολπίκιος
857 3049 910 3103 ΑΒ
970 3055 986 3102 9
1005 3047 1102 3117 μάλιος
1116 3049 1168 3102 ΑΒ

150 3123 183 3171 15
202 3115 316 3188 λαρίυης
330 3118 376 3173 Ba
394 3117 526 3190 λαρίοοης
539 3120 616 3175 ABb
669 3126 702 3175 1⁷
718 3118 944 3194 δ<ε>δεγμέναν
958 3119 1006 3174 Bb
1025 3121 1169 3190 διαδεδεγ-

148 3186 239 3258 μένον
266 3189 292 3244 R
374 3196 408 3246 18
435 3189 570 3317 τ’ίποιτονίἰ
585 3191 700 3248 ὑπάταν
726 3191 752 3244 Α
786 3192 789 3264 Ι
824 3191 960 3318 λοιμικὲη
986 3187 1096 3264 ν>όοος
1122 3191 1169 3246 Bb

149 3266 183 3314 10
201 3257 338 3329 πρότερον
352 3261 374 3314 Β
393 3260 530 3332 προτέρου
620 3268 654 3318 20
672 3265 737 3332 ροεί
750 3281 926 3333 μνημονευομ
942 3282 1000 3318 νων
1014 3263 1078 3317 αδδ.
1093 3282 1169 3332 γινο-

148 3327 579 3460 ώίίέ“έίὲίέθ“ἓί’ἶὸίί
593 3333 1170 3461 λῖράόωέῗλίψόῗέύονῗέδΝὼὲἷ

245 3448 250 3458 .
307 3447 314 3471 ,
573 3427 592 3460 οι
756 3448 762 3460 .
843 3449 849 3461 .
962 3449 968 3461 .
1109 3448 1114 3459 .

150 3479 183 3528 23
203 3474 365 3542 ἀρκούντων
385 3475 425 3530 ἔτι
443 3476 466 3530 Β
490 3476 552 3545 ἀρκ.
572 3477 612 3540 είς
629 3426 661 3532 τώ
680 3478 705 3531 R
927 3423 961 3476 gr
1087 3423 1107 3474 p
