2656 3932
561 245 597 254 ··
633 217 674 267 Μ
710 244 745 254 -
1100 217 1162 284 127

144 336 215 406 ἀλλ’
235 340 290 406 ἵνα
313 337 436 424 δείξας,
459 337 497 406 ἐν
521 340 581 427 οίφ
604 339 751 408 κλύδωνι
774 339 814 405 τά
836 340 1010 426 πράγματα
1033 341 1165 406 σαλεύει

143 457 201 530 τῆς
232 449 373 529 πόλεως,
404 448 466 532 τὴν
498 449 664 533 σωτηρίαν
695 446 750 514 καί
787 445 1022 532 ἐπανόρθωσιν
1054 447 1165 516 αὐτῶν

143 555 214 638 ἥτις
247 550 338 620 ἔσται
370 554 496 640 φράσω.
551 554 654 620 άπασι
685 554 747 636 μὲν
778 556 842 640 γάρ
873 555 967 639 ἴσως,
1004 555 1095 632 ὅσοις
1124 555 1204 640 τῇλ

143 661 353 747 πατρίδι
377 661 491 744 δωσιν,
521 661 700 745 άναχκαίός
721 659 813 728 ἐστιν
836 660 854 727 ὁ
877 661 1044 748 περὶτῶν
1068 669 1164 747 κοινη

144 769 386 854 συμφερόντων
418 770 531 853 λόγος,
567 768 707 851 μάλιστα
739 765 769 832 δ’
797 766 878 851 ἐμοί.
934 779 1068 854 πρῶτον
1103 768 1165 850 μὲν
1197 789 1209 830 ι

144 875 223 960 γάρ,
253 874 305 940 ότι
331 875 464 960 γνώμης
491 876 606 960 άρχειν
631 872 772 958 ηξίωμαι
798 875 855 940 διά
881 879 992 960 τιμήν·
1023 877 1164 961 αἰσχύνη

145 982 183 1046 δὲ
209 982 265 1047 καὶ
291 983 399 1068 μωρία
421 984 526 1067 πολλὴ
554 991 688 1067 πρῶτον
711 981 899 1048 ἀναστάντα
921 983 964 1067 μη
988 982 1049 1068 οὐχ
1072 982 1093 1048 δ
1114 983 1167 1049 δεῖ

143 1099 276 1173 πρῶτον
295 1087 601 1175 ἐπανορθώσασθαι
614 1087 732 1172 λέγειν.
765 1085 872 1155 ἔπειθ’
891 1089 943 1155 ὅτι
956 1089 1166 1174 συμβέβηκεν

63 1197 219 1266 νιιεόντι
243 1198 328 1284 θείφ
350 1197 434 1282 πρὸς
456 1197 580 1278 πατρὸς
597 1191 741 1261 Ἀππίου
763 1203 824 1261 τοῦ
847 1199 1087 1281 προεστηκότος
1109 1205 1166 1280 τῆς

146 1303 363 1389 δεκαδαρχίας
389 1303 535 1387 ἥδεσθαί
560 1325 595 1367 τε
621 1302 757 1368 πάντων
779 1303 935 1386 μάλιστα,
961 1303 1042 1369 ὅταν
1065 1298 1102 1368 εὖ
1126 1304 1166 1368 τά
1185 1324 1211 1363 ιο

144 1411 241 1476 κοινά
270 1407 327 1475 ὑπ’
346 1410 457 1476 αὐτῶν
487 1407 754 1495 όπιτροπεύηται,
781 1410 837 1476 καί
860 1409 1021 1476 ἀνιᾶσθαι
1043 1411 1166 1487 παντὸς

146 1517 360 1601 ὁτουδήτινος
382 1521 519 1600 μᾶλλον,
542 1517 623 1582 ὅταν
645 1517 689 1600 μη
711 1521 827 1594 καλῶς.
870 1518 954 1603 πρὸς
976 1516 1015 1583 δὲ
1035 1517 1166 1594 τούτοις
1185 1517 1206 1582 3

146 1624 198 1690 ὅτι
234 1624 410 1708 <ταύτην>
446 1625 613 1700 πολιτείας
649 1622 861 1707 διαδέδεχμαι
898 1626 1094 1711 προαίρεσιν
1130 1623 1166 1689 ἐκ

146 1733 323 1815 προγόνων
362 1732 403 1797 τά
442 1733 539 1798 κοινά
580 1729 794 1816 συμφέροντα
829 1732 894 1817 πρὸ
931 1741 999 1798 τῶν
1035 1733 1167 1798 οἰκείων

146 1841 329 1905 λυσιτελῶν
359 1839 528 1924 αλρείσθαι
556 1839 612 1904 καλ
639 1837 765 1922 μηδένα
787 1839 950 1905 κίνδυνον
974 1839 1062 1904 λ’διον
1085 1837 1167 1904 ύπο-
1186 1859 1210 1899 ιι

146 1946 352 2030 λογίζεσθαι,
378 1945 422 2029 ἣν
452 1945 514 2012 ούκ
544 1944 586 2011 άν
615 1945 779 2029 προδοίην
809 1943 894 2012 ἑκὼν
921 1938 1007 2011 εἶναι
1031 1944 1086 2030 [δέ
1110 1970 1167 2028 μοι

145 2051 270 2136 ταύτην
288 2061 348 2119 τοῦ
371 2054 449 2136 βίου
472 2051 682 2138 προαίρεσιν]
696 2052 752 2117 καλ
775 2051 838 2116 ούκ
856 2050 899 2117 δν
912 2051 1167 2135 καταισχύναιμι

145 2159 203 2236 τάς
232 2157 369 2225 ἐκείνων
398 2170 466 2226 τῶν
496 2159 631 2245 ἀνδρῶν
658 2157 782 2242 άρετάς.
828 2157 905 2243 περλ
931 2157 992 2240 μὲν
1020 2152 1083 2222 ούυ
1110 2158 1207 2241 τῆς4

145 2266 359 2350 καθεστώσης
381 2269 562 2350 πολιτείας,
586 2266 637 2331 ὅτι
649 2274 804 2348 πονηρῶς
815 2264 896 2348 ημῖν
910 2260 991 2349 ἔχει,
1013 2264 1069 2328 καλ
1087 2264 1167 2328 δυσ-

145 2375 360 2458 χεραίνουσιν
389 2373 505 2457 ὀλίχου
535 2373 608 2438 δεῖν
634 2371 755 2449 πάντες
782 2371 882 2457 αὐτῇ,
908 2369 1064 2454 μέγιστον
1086 2370 1167 2454 ὑμῖν
1185 2391 1211 2432 ιο

218 2555 234 2603 3
253 2553 284 2602 τ’
305 2545 421 2617 πατρίδι
440 2549 538 2602 σώσειν
556 2547 578 2600 L
600 2568 624 2601 τ.
642 2566 671 2600 π.
691 2546 817 2601 δάσινί
839 2550 873 2619 τῇ
891 2543 1007 2616 πατρίδι
1024 2543 1099 2616 μέλει
1116 2555 1165 2601 τοῦ

145 2623 237 2684 καλῶς
273 2639 333 2690 χειν
351 2619 377 2673 R
400 2635 434 2674 ex
457 2621 556 2688 aperta
570 2617 797 2686 ‘interpolatione
822 2615 899 2681 ὅσοις
921 2618 972 2672 σὺν
994 2621 1028 2690 τῇ
1050 2615 1166 2686 πατρίδι

145 2690 220 2762 μέλει
237 2701 287 2746 τοῦ
305 2693 397 2754 καλῶς
420 2690 537 2754 ἑαυτούς
555 2689 629 2761 ἔχειν
646 2689 750 2744 Reiske
773 2687 861 2752 ὅσοις·
876 2691 911 2760 (λ)
928 2693 963 2762 τῇ
980 2687 1098 2757 πατρίδι
1114 2689 1165 2759 τὴν

145 2763 241 2834 ψυχὴν
260 2760 388 2818 δίδουσιν
407 2763 468 2832 (sie)
486 2762 561 2817 Prou
633 2767 649 2816 6
669 2760 765 2851 ἄρχειν
779 2760 835 2814 VM
858 2760 954 2829 ἄρξειν
972 2761 994 2814 L
1068 2765 1101 2815 10
1121 2763 1166 2815 δε-

146 2833 302 2904 καρχίαςΟ
322 2851 391 2889 corr.
405 2833 549 2904 Kiessling
569 2833 572 2906 λ
594 2829 663 2888 όταν
680 2835 798 2902 μαλιστα
813 2832 835 2887 0
853 2831 976 2958 θγλλιατρ
991 2832 1166 2901 transposuit

148 2912 180 2959 11
199 2905 352 2969 πάντωςΟ
378 2903 484 2968 παντὸς
507 2904 629 2975 Sylburg
708 2909 742 2958 13
768 2905 834 2959 ante
858 2906 952 2959 πολιτε
966 2924 1000 2966 ας
1025 2902 1166 2972 supplevit

148 2975 269 3048 Sylburg
292 2977 426 3046 τοιαύτην
444 2977 488 3031 vel
505 2977 623 3045 ταύτην;
646 2975 766 3030 fortasse
789 2975 839 3045 τὴν
858 2975 989 3044 supplere
1008 2975 1077 3028 satis
1096 2976 1140 3028 εει
1160 2975 1162 3044 λ

37 3064 41 3071 '
148 3045 340 3119 διαδόσειημαι
358 3047 406 3102 LV
481 3054 514 3103 16
533 3046 605 3102 ἑκὼν
623 3042 698 3101 εἶναι
716 3044 813 3116 δόμοι
832 3046 854 3101 0
874 3045 989 3100 Reiskio
1008 3049 1073 3114 post
1091 3040 1166 3099 εἶναι

149 3119 244 3174 deesse
263 3121 404 3189 quaedam
421 3119 565 3186 videntum
584 3118 687 3174 sedne
707 3134 743 3172 ue
762 3135 826 3172 cum
844 3117 898 3172 hoe
915 3117 1050 3186 προσήκει
1069 3114 1101 3171 δό
1119 3136 1166 3186 μοι

147 3190 251 3258 ταύτην
273 3199 368 3261 τηρεῖν
390 3190 441 3261 τὴν
463 3200 513 3246 τοῦ
537 3187 602 3262 βίον
618 3135 783 3258 προάίρεσιν
802 3205 893 3258 neque
912 3205 975 3244 cum
994 3188 1165 3258 Kiesslingio

148 3260 261 3329 φυλάξω
280 3263 315 3333 δὴ
333 3263 466 3331 τοιαύτην
484 3270 534 3317 τοῦ
553 3262 577 3332 β.
592 3279 639 3328 πρ.
654 3260 833 3315 scribendum
847 3263 903 3327 εει,
920 3260 969 3315 sed
983 3260 1087 3314 rectius
1102 3277 1165 3314 cum

149 3333 249 3388 Smitio
274 3332 340 3388 Obs.
363 3352 390 3403 p.
410 3339 445 3388 54
470 3335 499 3388 et
524 3331 674 3388 Schenklio
700 3332 767 3386 Litt.
790 3331 865 3386 brev.
891 3349 918 3400 p.
939 3336 991 3386 280
1012 3329 1097 3387 verba
1118 3331 1165 3384 de-

147 3405 233 3460 lenda
251 3407 317 3459 sunt
378 3410 412 3459 20
430 3404 550 3467 ’πάντες
568 3405 639 3474 αύτη
657 3400 785 3472 μέγιστον
799 3405 865 3472 ύμῖν
879 3399 1003 3472 γενέσθω
1017 3402 1165 3472 τεκμήριον

147 3476 251 3538 πάντες
269 3475 297 3530 ολ
314 3475 349 3530 τδι
367 3476 451 3531 κοινά
467 3478 639 3538 διοικοῦντες
653 3473 668 3530 ὃ
682 3471 770 3544 μόνον
785 3473 807 3529 Ο
821 3473 907 3528 verba
921 3473 1166 3534 ολ-διοικούντες
