2656 3932
544 247 578 256 -
615 219 655 270 ΙΑ
692 247 727 255 -
1083 218 1146 284 155

124 343 253 430 διπλοῦς
282 343 322 408 τά
354 342 382 408 τ’
407 344 491 408 άλλα
522 341 675 408 ἐπείθετο
708 343 836 426 αὐτοῖς,
868 343 931 408 ὅσα
963 342 1147 428 συμφέρειν

123 450 352 534 ὑπελάμβανε,
383 450 440 515 καλ
471 461 605 535 πρῶτον
637 449 793 514 ἁπάντων
823 446 965 540 παρῄνει
993 449 1147 533 μετάγειν

123 559 187 642 τὴν
216 558 430 642 παρεμβολὴν
460 557 508 634 είς
536 557 598 641 την
626 559 789 639 πολεμίαν
818 554 854 622 ἐκ
883 566 941 640 τῆς
972 555 1146 641 σφετέρας·

123 664 183 741 τάς
213 687 249 730 τε
281 665 407 748 βλάβας
440 663 571 740 διεξιὼν
604 665 662 740 τδις
693 666 767 729 τότε
798 663 976 747 γινομένας
1007 664 1063 729 καί
1089 665 1147 740 τὰς

123 772 287 856 ὠφελείας
305 770 584 855 ἐπιλογιζόμενος,
607 772 687 848 ὅσας
706 767 844 854 ἔμελλον
863 769 948 848 ἕξειν
968 782 1147 855 μεταστρα-
1179 790 1191 830 ι

122 879 412 962 τοπεδευσάμενοι.

196 984 315 1051 XXVI.
347 987 390 1050 Οἱ
421 985 452 1049 δ’
477 981 627 1067 ἀσμένως
658 985 817 1070 δέχεσθαι
848 987 907 1062 τὰς
937 983 1148 1070 παραινέσεις

123 1092 342 1176 σκηψάμενον
377 1093 418 1158 Τί
439 1086 513 1176 οὖν,
540 1089 680 1177 ἔφασαν,
708 1093 770 1158 οὐκ
793 1091 893 1168 αὐτὸς
914 1093 1047 1176 ἡγεμὼν
1069 1093 1147 1181 γίνη

26 1217 110 1266 2221
122 1210 182 1284 τῆς
208 1197 408 1278 ἀναζεύξεως
434 1201 539 1264 τόπον
566 1197 754 1282 ἐπιτήδειον
780 1198 1147 1284 προκατασκεψάμενοςς

123 1305 298 1391 ἐμπειρίαν
326 1305 356 1370 δ’
375 1307 493 1390 ἱκανὴν
516 1302 601 1391 ἔχεις
627 1315 695 1371 τῶν
717 1308 829 1372 τόπων
856 1307 912 1370 διὰ
939 1307 997 1383 τδς
1023 1307 1148 1383 πολλὰς
1166 1325 1192 1366 ιο

123 1415 311 1498 στρατείας,
339 1414 440 1498 λόχον
463 1412 504 1479 δέ
529 1430 583 1478 σοι
608 1413 759 1496 δώσομεν
781 1411 962 1478 ἐπιλέκτων
984 1412 1071 1479 νέων
1094 1411 1148 1477 εὐ-

122 1520 216 1606 ζώνςο
246 1517 455 1604 ἐσταλμένων
485 1519 627 1586 ὁπλίσει·
658 1521 712 1586 σοὶ
742 1520 780 1586 δέ
810 1521 910 1598 ἵππος
938 1542 974 1584 τε
1003 1520 1059 1583 διδι
1086 1520 1148 1602 τὴν

121 1627 257 1710 ἡλικίαν
275 1626 442 1713 παρέστω,
464 1627 699 1710 καλ-ὁπλισμὸς
717 1626 735 1692 ὁ
753 1637 824 1704 τοῖς
840 1627 1048 1710 τηλικούτοις
1070 1625 1148 1711 πρέ-

120 1755 206 1798 πων.
251 1731 501 1817 ὑποδεξαμένου
525 1734 563 1800 δέ
584 1743 645 1799 τοῦ
668 1736 809 1799 Σικκίου
832 1735 888 1799 καλ
910 1736 1030 1814 ψιλοὺς
1058 1732 1186 1817 αἰτή-2

122 1857 244 1917 σαντος
273 1838 392 1906 ἑκατὸν
423 1839 615 1918 ἐπιλέκτους
646 1839 770 1906 οὐδένα
801 1843 926 1927 χρόνον
957 1838 1148 1924 ἐπισχόντες
1166 1860 1192 1901 ιι

121 1945 349 2029 ἐκπέμπουσιν
381 1948 485 2013 αὐτὸν
517 1945 566 2014 ἐτι
596 1949 717 2024 νυκτὸς
749 1949 852 2033 οὔσης
878 1947 934 2013 καὶ
961 1950 1026 2012 σὺν
1058 1946 1147 2034 αὐτῷ

120 2056 202 2130 τοὺς
220 2052 339 2119 ἑκατὸν
357 2054 483 2140 ἄνδρας
506 2053 543 2121 ἐκ
565 2065 633 2120 τῶν
653 2055 749 2120 ίδίων
767 2053 908 2142 ἑταίρων
926 2056 1006 2130 τοὺς
1030 2055 1147 2136 ίταμω-

120 2160 242 2238 τάτους
273 2159 515 2246 ἐπιλεξάμενοι,
551 2153 602 2238 οίς
632 2159 824 2244 ἐπέσκηψαν
861 2161 1052 2226 ἀποκτείναι
1087 2162 1147 2226 τὸν

121 2268 231 2353 ἄνδρα
249 2268 413 2352 μεγάλους
430 2271 576 2351 μισθοὺς
593 2277 651 2352 τῆς
669 2264 897 2352 ἀνδροφονίας
914 2267 1146 2353 ὑποσχόμενοι.

121 2373 194 2440 ἐπεί
218 2374 256 2440 δέ
278 2378 365 2441 πολὺ
389 2377 614 2462 προελθόντες
635 2373 778 2440 ἀπὸτοῦ
796 2373 940 2461 χάρακος
958 2377 1005 2453 είς
1023 2377 1147 2462 χωρίον
1165 2395 1192 2436 ιο

120 2478 233 2566 ἦλθον
256 2481 407 2568 ὀχθηρδν
429 2483 485 2548 καί
507 2483 712 2567 στενόπορον
734 2481 790 2547 καὶ
812 2484 958 2568 χαλεπὸν
981 2483 1070 2570 ἵππω
1098 2483 1148 2547 δι-

121 2588 285 2672 εξελδείν,
315 2589 367 2656 ότι
395 2591 439 2674 μὴ
469 2590 579 2674 βάδην
609 2585 753 2672 ἀνιόντι,
785 2589 841 2654 διά
871 2591 934 2674 την
962 2590 1148 2676 τραχύτητα

121 2706 189 2762 τῶν
216 2697 344 2781 όχδων,
372 2696 530 2781 σύνθημα
552 2697 668 2773 δόντες
691 2693 846 2780 ἀλληλοις
868 2699 987 2782 στίφος
1009 2695 1148 2762 ἐποίουν

35 2803 168 2879 εεεεὼς
198 2803 264 2886 ἅμα
292 2806 500 2889 χωρήσαντες
529 2800 580 2869 ἐπ’
606 2803 709 2869 αὐτὸν
739 2800 870 2889 ἀθρόοι.
920 2803 1080 2889 θεράπων
1110 2801 1150 2868 δέ

122 2931 174 2986 τις
197 2909 404 2995 ὑπασπιστὴς
426 2919 486 2975 τοῦ
505 2913 646 2976 Σικκίου
669 2913 710 2976 τδι
732 2912 892 2993 πολεμικοὶ
914 2907 1043 2994 ἀγαθὸς
1061 2909 1148 2975 είκά-
1165 2929 1191 2970 ιι

197 3037 210 3085 1
235 3029 365 3088 ἐπείθετο
391 3031 449 3086 LM
473 3029 596 3087 ὑπέθετο
622 3031 744 3102 Sylburg
822 3038 836 3085 7
861 3031 976 3101 α”σμενοι
1002 3048 1025 3087 ο.
1046 3031 1148 3086 Garrer

122 3103 188 3158 ObS.
207 3109 286 3172 1128
360 3108 393 3157 10
412 3101 558 3173 ἐμπειρίαν
577 3100 736 3173 γε-λόχον
759 3123 788 3157 τε
812 3120 835 3158 ο.
855 3102 1028 3173 Grasberger
1045 3103 1146 3157 Philol.

122 3180 166 3243 28,
181 3179 233 3228 349
254 3174 289 3229 εί.
308 3175 417 3244 Kayser
435 3173 530 3229 Fleck.
549 3176 620 3229 Ann.
638 3179 687 3228 101
706 3177 796 3244 (1870)
812 3181 863 3228 722
920 3181 952 3228 11
973 3175 1099 3240 εὐζώνων
1117 3175 1147 3228 Μ

122 3253 155 3301 22
176 3243 288 3300 ἀνιόντι
306 3245 352 3299 Lb
376 3243 490 3332 ἀπιόντι
507 3245 613 3300 IsaMV
633 3243 740 3300 ἐπιόντι
764 3245 887 3315 Sylburg
959 3251 994 3300 24
1017 3247 1054 3308 ὡς
1077 3247 1147 3300 ἀνα-

121 3351 296 3423 χωρήσαντες
321 3351 403 3406 LMV
427 3329 655 3422 άόόιχωρήσοντες
677 3352 721 3406 Lo
746 3353 783 3414 ὡς
806 3368 944 3422 εοφεωεοτ.
965 3356 994 3407 et
1015 3352 1071 3407 ἀνα
1092 3353 1146 3406 del.

122 3426 210 3492 atque
234 3422 275 3476 είο
295 3423 399 3477 Reiske
424 3423 462 3485 ὡς
485 3423 543 3492 άμα
566 3423 737 3494 χωρήσοντες
755 3424 878 3478 ὃίωλεαὶε
897 3423 958 3477 Em.
971 3424 1052 3478 Dion.
1063 3424 1102 3477 III
1113 3430 1146 3478 14

122 3501 157 3550 25
176 3493 316 3563 πολεμικὰ
335 3493 358 3548 Ο
377 3491 495 3562 πολέμια
514 3511 537 3548 ο.
553 3494 726 3565 Grasberger
744 3495 820 3550 Τεεε.
836 3494 952 3564 Herbip.
971 3513 999 3566 p.
1016 3501 1049 3550 35
