2654 3916
164 218 231 284 304
580 218 768 269 -ΙΘ-

164 345 298 428 εἰρήνης
321 341 374 408 ἰδι
396 338 465 424 μετ’
484 339 565 424 ἐμοῦ
589 342 778 424 σύμβουλός
800 364 836 406 τε
855 340 1011 406 ἀπάντων
1029 337 1211 423 ἐσόμενοςε

164 449 238 534 ἐμοί
268 449 324 516 καί
354 448 604 534 ὑποστράτηγος
639 449 696 514 καί
731 457 789 532 τῆς
825 451 996 532 βασιλικῆς
1032 447 1187 532 εὐτυχίας

163 557 307 643 μέτοχος.
345 555 420 639 ἐμοί
435 579 471 622 τε
489 557 553 639 γὰρ
572 553 697 642 ἀνδρὸς
716 555 849 639 ἀγαθοῦ
867 555 924 621 καί
941 562 1061 620 πιστοῦ
1082 555 1186 640 φίλου

164 666 230 748 δελ,
258 666 315 730 σοί
339 686 375 730 τε
402 665 560 750 χορηγίας
586 666 758 748 βασιλικῆς
785 662 841 728 καί
868 661 1070 748 πραγμάτων
1093 664 1187 744 βασι-

132 777 278 838 ιλικῦν
307 769 367 837 ἐάν
394 771 436 855 δη
464 769 715 854 συνενέγκωμεν
742 765 834 836 ταῦτ’
852 770 900 847 εἰς
926 770 964 834 τὸ
992 770 1119 853 κοινόν,
1146 769 1188 833 τὰ

163 877 301 964 μέγιστα
318 887 386 942 τῶν
405 873 546 962 ἀγαθῶν
564 873 641 963 παρ’
658 877 810 962 ἀλλήλων
829 875 1046 960 ἀποισόμεῦα
1082 876 1186 942 ἰΤνείιι.

235 983 306 1050 XV.
337 982 407 1071 (18,
433 981 490 1070 ll)
521 983 747 1068 Παυσαμένου
777 981 808 1048 δ’
833 984 938 1050 αὐτοῦ
967 983 1088 1069 μικρὸν
1117 980 1188 1048 έπι-

165 1092 254 1177 σχὼν
282 1090 300 1157 ὁ
332 1092 513 1177 Φαβρίκιος
544 1083 628 1156 εἰπε·
661 1091 749 1177 Περί
777 1090 839 1174 μεν
865 1100 923 1174 της
951 1087 1084 1175 ἀρετῆς,
1115 1088 1188 1173 ἥτις

165 1197 235 1265 έστί
257 1198 335 1284 περί
356 1199 441 1283 ἡμᾶς
462 1197 483 1282 ἢ
507 1199 589 1264 κατά
611 1199 670 1275 τὰς
692 1199 807 1275 κοινάς
829 1195 963 1283 πράξεις
985 1195 1005 1281 ἦ
1026 1195 1109 1264 κατὰ
1126 1195 1188 1262 τὸν

121 1326 147 1366 ιο
165 1305 254 1372 ίδιον
276 1307 364 1389 βίον,
392 1305 494 1371 οὐδέν
517 1303 574 1388 ἐμὲ
601 1305 653 1370 δελ
679 1303 731 1370 ἐπ’
753 1303 897 1387 ἐμαυτοῦ
925 1302 1045 1387 λέγειν,
1073 1300 1272 1386 έπειδηκεοο

164 1411 310 1480 πέπυσαι
339 1408 416 1498 παρ’
442 1410 576 1499 έτέρων·
607 1411 690 1477 οὐδέ
716 1435 755 1496 γε
782 1411 859 1497 περὶ
888 1420 945 1496 τῆς
975 1412 1106 1494 πενίας,
1136 1409 1188 1476 δτι

164 1543 221 1602 μοι
250 1519 370 1603 γήδιον
398 1520 519 1605 μικρόν
548 1517 619 1584 ἐστι
647 1520 766 1603 κομιδῆ
796 1519 852 1584 καί
882 1523 1015 1603 φαῦλον
1044 1516 1188 1583 οἰκίδιον

166 1626 223 1691 καί
260 1625 330 1690 οὔτ’
362 1625 428 1691 ἀπὸ
465 1625 693 1708 δανεισμάτων
729 1626 802 1692 οὔτ’
827 1621 884 1692 ἀπ’
911 1621 1134 1710 ἀνδραπόδων
1168 1621 1187 1688 ὁ

165 1733 250 1816 βίος·
275 1732 383 1822 φαίνη
410 1733 475 1816 γάρ
501 1733 557 1797 καί
583 1733 712 1798 τούτων
735 1734 880 1818 ἀκριβῶς
907 1727 1083 1816 ἀκηκοέναι
1105 1725 1183 1815 παρ’
1314 1753 1315 1758 ’

120 1811 296 1940 Ξέτέρων.
342 1835 416 1926 (12)
439 1838 526 1924 Περί
554 1839 592 1904 δὲ
618 1848 679 1905 τοῦ
706 1839 823 1906 κάκιόν
845 1862 885 1922 με
904 1837 1070 1922 Ῥωμαίων
1095 1839 1188 1915 τινὸς

165 1945 322 2033 πράττειν
359 1942 403 2011 δι’
435 1945 579 2031 ἀπορίαν
619 1946 675 2012 καί
714 1946 819 2031 μηδὲν
860 1940 949 2013 εἰναί
987 1969 1044 2028 μοι
1084 1943 1187 2010 πλέον

166 2052 325 2120 ἀσκοῦντι
351 2055 612 2138 καλοκαγαθίαν,
642 2053 693 2119 ὅτι
721 2063 789 2119 τῶν
819 2054 991 2118 πλουσίων
1020 2052 1083 2118 οὐκ
1110 2053 1187 2136 εἰμί,

165 2171 274 2238 κακῶς
304 2160 506 2246 ὑπείληφας,
539 2159 597 2226 εἰτ’
624 2157 769 2238 ἀκούσας
801 2161 892 2238 τινὸς
923 2155 982 2225 εἰτ’
1010 2159 1110 2237 αὐτὸς
1142 2160 1188 2224 εἰ-

165 2268 281 2348 κάζων.
331 2266 404 2351 έμοί
431 2269 496 2354 γάρ
524 2268 664 2350 οὐδεμία
691 2267 822 2333 πώποτε
852 2267 1108 2350 κακοδαιμονίας
1137 2265 1187 2331 αί-

121 2393 147 2433 2⁰
166 2381 288 2460 σθησις
319 2377 408 2462 παρὰ
440 2376 477 2441 τὸ
509 2377 554 2460 μα)
586 2376 693 2440 πολλὰ
724 2381 905 2461 κεκτῆσθαι
938 2373 1078 2458 γέγονεν
1110 2367 1183 2439 οὐδ’

166 2479 269 2566 ἔστιν,
296 2481 369 2548 οὐδ’
386 2481 568 2569 ὠδυράμην
590 2483 652 2567 την
675 2480 818 2565 ἐμαυτοῦ
841 2482 946 2567 τύχην
969 2477 1039 2547 οὔτ’
1058 2478 1095 2547 ἐν
1117 2489 1188 2558 τοίς

126 2587 292 2666 3κοινοίς
321 2588 512 2674 πράγμασιν
541 2589 613 2655 οὔτ’
637 2587 675 2656 έν
704 2599 774 2666 τοίς
802 2589 908 2666 ἰδίοις.
959 2584 1033 2676 (13)
1060 2589 1095 2654 τί
1122 2589 1187 2673 γάρ

166 2695 222 2761 καί
244 2696 366 2762 παθὼν
389 2694 566 2781 έγιιαλοίην
589 2694 631 2761 ἀν
655 2696 753 2782 αὐτῇς
781 2698 934 2782 πότερον,
961 2696 1014 2762 ὅτι
1040 2718 1097 2778 μοι
1119 2705 1188 2760 τῶν

166 2806 277 2868 καλῶν
299 2801 356 2868 καί
382 2805 622 2888 περιμαχήτων,
650 2798 704 2888 ἐφ’
727 2794 777 2880 οἰς
804 2803 915 2869 ἅπασα
942 2802 1044 2888 φύσις
1067 2799 1187 2867 ἐσπού-

122 2928 148 2968 ιο
167 2910 268 2975 δακεν
295 2909 447 2994 εὐγενής,
473 2908 612 2986 οὐδενὸς
639 2906 804 2993 ἐξεγένετο
831 2912 921 2998 παρά
947 2920 1005 2994 της
1027 2909 1187 2995 πατρίδος
1197 2925 1266 2974 2351

166 3019 363 3100 μεταλαβεῖν
400 3017 455 3082 διά
491 3018 624 3097 πενίαν;
665 3016 702 3094 ὃς
740 3018 829 3104 ἀρχω
870 3040 905 3081 τε
941 3017 999 3094 τὰς
1031 3018 1187 3101 μεγίστας

240 3269 274 3318 14
296 3263 413 3335 τοῦτον]
439 3263 504 3331 περὶ
527 3263 633 3318 τοῦτον
658 3262 781 3333 Sylburg
807 3272 906 3319 τοῦτον
932 3280 969 3318 ιο.
992 3261 1042 3320 τὸν
1065 3262 1186 3333 ἐμαυτοῦ

168 3331 231 3406 βίον
253 3334 357 3388 Reiske
430 3339 463 3389 16
482 3333 597 3402 πράττει
617 3334 640 3390 Ο
666 3351 737 3390 corr.
753 3335 871 3390 Ursinus
944 3339 978 3389 20
1001 3333 1080 3403 παρὰ
1102 3335 1185 3390 τῦΟ

167 3422 238 3462 corr.
257 3403 379 3476 Sylburg
451 3411 485 3460 25
509 3403 643 3476 έξεγίνετο
660 3406 686 3460 V
759 3413 793 3461 26
817 3403 848 3468 ὃς
870 3404 947 3476 ἀρχυ
970 3389 1133 3476 (άρχωνΜδ
1156 3425 1186 3461 τε

167 3476 217 3531 καὶ
235 3473 364 3547 μεγίστας
382 3475 470 3546 ἀρχὰς
488 3477 629 3549 πρεσβεῦον
649 3478 818 3549 (πρεσβεῦον
837 3477 876 3547 Μ)
896 3495 965 3535 corr.
984 3477 1102 3532 Ursinus
