<?xml version="1.0" encoding="UTF-8"?>
<!DOCTYPE html PUBLIC "-//W3C//DTD XHTML 1.0 Transitional//EN"
    "http://www.w3.org/TR/xhtml1/DTD/xhtml1-transitional.dtd">
<html xmlns="http://www.w3.org/1999/xhtml" xml:lang="en" lang="en">
 <head>
  <title>
</title>
<meta http-equiv="Content-Type" content="text/html;charset=utf-8" />
  <meta name='ocr-system' content='tesseract 3.04.00' />
  <meta name='ocr-capabilities' content='ocr_page ocr_carea ocr_par ocr_line ocrx_word'/>
</head>
<body>
  <div class='ocr_page' id='page_1' title='image "./dionysihalicarn06diongoog_0093.png"; bbox 0 0 2662 3920; ppageno 0'>
   <div class='ocr_carea' id='block_1_1' title="bbox 587 217 1172 284">
    <p class='ocr_par' dir='ltr' id='par_1_1' title="bbox 587 217 1172 284">
     <span class='ocr_line' id='line_1_1' title="bbox 587 217 1172 284; baseline 0 0"><span class='ocrx_word' id='word_1_1' title='bbox 587 223 743 273; x_wconf 82' lang='grc' dir='ltr'><strong><em>-Ι-</em></strong></span> <span class='ocrx_word' id='word_1_2' title='bbox 1131 217 1172 284; x_wconf 80' lang='lat'><strong><em>75</em></strong></span> 
     </span>
    </p>
   </div>
   <div class='ocr_carea' id='block_1_2' title="bbox 71 343 1223 2999">
    <p class='ocr_par' dir='ltr' id='par_1_2' title="bbox 152 343 1219 1075">
     <span class='ocr_line' id='line_1_2' title="bbox 223 343 1175 431; baseline -0.005 -18"><span class='ocrx_word' id='word_1_3' title='bbox 223 346 372 413; x_wconf 86' lang='lat' dir='ltr'>XXXXI.</span> <span class='ocrx_word' id='word_1_4' title='bbox 395 349 492 413; x_wconf 87' lang='grc' dir='ltr'><strong><em>Μετά</em></strong></span> <span class='ocrx_word' id='word_1_5' title='bbox 519 355 623 413; x_wconf 91' lang='grc' dir='ltr'><strong><em>ταῦτα</em></strong></span> <span class='ocrx_word' id='word_1_6' title='bbox 650 347 686 412; x_wconf 80' lang='grc' dir='ltr'><strong><em>οἵ</em></strong></span> <span class='ocrx_word' id='word_1_7' title='bbox 710 369 745 410; x_wconf 89' lang='grc' dir='ltr'><strong><em>τε</em></strong></span> <span class='ocrx_word' id='word_1_8' title='bbox 772 346 935 431; x_wconf 77' lang='grc' dir='ltr'><strong><em>δήμαρχοι</em></strong></span> <span class='ocrx_word' id='word_1_9' title='bbox 957 345 1012 410; x_wconf 82' lang='grc' dir='ltr'><strong><em>καλ</em></strong></span> <span class='ocrx_word' id='word_1_10' title='bbox 1036 345 1068 409; x_wconf 82' lang='grc' dir='ltr'><strong><em>ολ</em></strong></span> <span class='ocrx_word' id='word_1_11' title='bbox 1090 343 1175 408; x_wconf 80' lang='grc' dir='ltr'><strong><em>λίπα-</em></strong></span> 
     </span>
     <span class='ocr_line' id='line_1_3' title="bbox 152 450 1175 542; baseline -0.004 -22"><span class='ocrx_word' id='word_1_12' title='bbox 152 479 204 522; x_wconf 90' lang='grc' dir='ltr'><strong><em>τοι</em></strong></span> <span class='ocrx_word' id='word_1_13' title='bbox 232 465 397 542; x_wconf 78' lang='grc' dir='ltr'><strong><em>παρῆσαν,</em></strong></span> <span class='ocrx_word' id='word_1_14' title='bbox 427 455 483 520; x_wconf 84' lang='grc' dir='ltr'><strong><em>καί</em></strong></span> <span class='ocrx_word' id='word_1_15' title='bbox 512 453 622 538; x_wconf 89' lang='grc' dir='ltr'><strong><em>λέγειν</em></strong></span> <span class='ocrx_word' id='word_1_16' title='bbox 637 452 670 518; x_wconf 68' lang='grc' dir='ltr'><strong><em>’ὁ</em></strong></span> <span class='ocrx_word' id='word_1_17' title='bbox 698 450 801 538; x_wconf 76' lang='grc' dir='ltr'><strong><em>κῆρυξ</em></strong></span> <span class='ocrx_word' id='word_1_18' title='bbox 830 451 981 518; x_wconf 81' lang='grc' dir='ltr'><strong><em>ἐκέλευσε</em></strong></span> <span class='ocrx_word' id='word_1_19' title='bbox 1007 452 1068 517; x_wconf 88' lang='grc' dir='ltr'><strong><em>τὸν</em></strong></span> <span class='ocrx_word' id='word_1_20' title='bbox 1095 455 1175 534; x_wconf 91' lang='grc' dir='ltr'><strong><em>βου-</em></strong></span> 
     </span>
     <span class='ocr_line' id='line_1_4' title="bbox 153 557 1175 647; baseline -0.007 -17"><span class='ocrx_word' id='word_1_21' title='bbox 153 566 295 647; x_wconf 88' lang='grc' dir='ltr'><strong><em>λόμενον</em></strong></span> <span class='ocrx_word' id='word_1_22' title='bbox 317 571 377 628; x_wconf 88' lang='grc' dir='ltr'><strong><em>τοῦ</em></strong></span> <span class='ocrx_word' id='word_1_23' title='bbox 401 563 507 644; x_wconf 92' lang='grc' dir='ltr'><strong><em>νόμου</em></strong></span> <span class='ocrx_word' id='word_1_24' title='bbox 535 571 740 645; x_wconf 77' lang='grc' dir='ltr'><strong><em>κατηγορεῖν,</em></strong></span> <span class='ocrx_word' id='word_1_25' title='bbox 787 564 921 625; x_wconf 85' lang='grc' dir='ltr'><strong><em>πολλῶν</em></strong></span> <span class='ocrx_word' id='word_1_26' title='bbox 949 559 986 624; x_wconf 82' lang='grc' dir='ltr'><strong><em>δὲ</em></strong></span> <span class='ocrx_word' id='word_1_27' title='bbox 1012 559 1068 624; x_wconf 84' lang='grc' dir='ltr'><strong><em>καὶ</em></strong></span> <span class='ocrx_word' id='word_1_28' title='bbox 1097 557 1175 642; x_wconf 90' lang='grc' dir='ltr'><strong><em>ἀγα-</em></strong></span> 
     </span>
     <span class='ocr_line' id='line_1_5' title="bbox 152 661 1174 755; baseline -0.006 -19"><span class='ocrx_word' id='word_1_29' title='bbox 152 678 228 737; x_wconf 83' lang='grc' dir='ltr'><strong><em>θῶν</em></strong></span> <span class='ocrx_word' id='word_1_30' title='bbox 266 667 401 755; x_wconf 77' lang='grc' dir='ltr'><strong><em>ἀνδρῶν</em></strong></span> <span class='ocrx_word' id='word_1_31' title='bbox 437 670 627 754; x_wconf 79' lang='grc' dir='ltr'><strong><em>παριόντων</em></strong></span> <span class='ocrx_word' id='word_1_32' title='bbox 664 665 806 743; x_wconf 82' lang='grc' dir='ltr'><strong><em>οὐθενὸς</em></strong></span> <span class='ocrx_word' id='word_1_33' title='bbox 843 664 1039 744; x_wconf 74' lang='grc' dir='ltr'><strong><em>ἐξάκουστος</em></strong></span> <span class='ocrx_word' id='word_1_34' title='bbox 1076 661 1120 750; x_wconf 77' lang='grc' dir='ltr'><strong><em>ην</em></strong></span> <span class='ocrx_word' id='word_1_35' title='bbox 1156 663 1174 730; x_wconf 87' lang='grc' dir='ltr'>ὁ</span> 
     </span>
     <span class='ocr_line' id='line_1_6' title="bbox 153 770 1219 862; baseline -0.009 -18"><span class='ocrx_word' id='word_1_36' title='bbox 153 781 252 862; x_wconf 89' lang='grc' dir='ltr'><strong><em>λόγος</em></strong></span> <span class='ocrx_word' id='word_1_37' title='bbox 274 775 340 842; x_wconf 88' lang='grc' dir='ltr'><strong><em>ύπὸ</em></strong></span> <span class='ocrx_word' id='word_1_38' title='bbox 368 784 428 840; x_wconf 92' lang='grc' dir='ltr'><strong><em>τοῦ</em></strong></span> <span class='ocrx_word' id='word_1_39' title='bbox 453 775 609 861; x_wconf 91' lang='grc' dir='ltr'><strong><em>θορύβου</em></strong></span> <span class='ocrx_word' id='word_1_40' title='bbox 634 797 669 839; x_wconf 81' lang='grc' dir='ltr'><strong><em>τε</em></strong></span> <span class='ocrx_word' id='word_1_41' title='bbox 691 774 748 839; x_wconf 83' lang='grc' dir='ltr'><strong><em>καί</em></strong></span> <span class='ocrx_word' id='word_1_42' title='bbox 770 783 828 858; x_wconf 75' lang='grc' dir='ltr'><strong><em>τῆς</em></strong></span> <span class='ocrx_word' id='word_1_43' title='bbox 851 770 1012 856; x_wconf 80' lang='grc' dir='ltr'><strong><em>ἀκοσμίας</em></strong></span> <span class='ocrx_word' id='word_1_44' title='bbox 1033 783 1101 838; x_wconf 79' lang='grc' dir='ltr'><strong><em>τῶν</em></strong></span> <span class='ocrx_word' id='word_1_45' title='bbox 1124 771 1175 838; x_wconf 79' lang='grc' dir='ltr'><strong><em>ἐκ·</em></strong></span> <span class='ocrx_word' id='word_1_46' title='bbox 1207 794 1219 834; x_wconf 83' lang='grc' dir='ltr'><strong><em>ι</em></strong></span> 
     </span>
     <span class='ocr_line' id='line_1_7' title="bbox 153 877 1177 970; baseline -0.006 -20"><span class='ocrx_word' id='word_1_47' title='bbox 153 886 405 970; x_wconf 81' lang='grc' dir='ltr'><strong><em>πλησιαζόντων.</em></strong></span> <span class='ocrx_word' id='word_1_48' title='bbox 451 883 484 948; x_wconf 84' lang='grc' dir='ltr'><strong><em>ολ</em></strong></span> <span class='ocrx_word' id='word_1_49' title='bbox 506 881 655 967; x_wconf 81' lang='grc' dir='ltr'><strong><em>μὲνγὰρ</em></strong></span> <span class='ocrx_word' id='word_1_50' title='bbox 679 877 876 947; x_wconf 82' lang='grc' dir='ltr'><strong><em>ἐπεκέλευόν</em></strong></span> <span class='ocrx_word' id='word_1_51' title='bbox 898 903 933 946; x_wconf 89' lang='grc' dir='ltr'><strong><em>τε</em></strong></span> <span class='ocrx_word' id='word_1_52' title='bbox 955 880 1011 945; x_wconf 81' lang='grc' dir='ltr'><strong><em>καὶ</em></strong></span> <span class='ocrx_word' id='word_1_53' title='bbox 1034 878 1177 964; x_wconf 86' lang='grc' dir='ltr'><strong><em>ἐπεθάρ-</em></strong></span> 
     </span>
     <span class='ocr_line' id='line_1_8' title="bbox 155 983 1176 1075; baseline -0.004 -19"><span class='ocrx_word' id='word_1_54' title='bbox 155 1015 260 1075; x_wconf 90' lang='grc' dir='ltr'><strong><em>ρυνον</em></strong></span> <span class='ocrx_word' id='word_1_55' title='bbox 278 993 357 1068; x_wconf 85' lang='grc' dir='ltr'><strong><em>τοὺς</em></strong></span> <span class='ocrx_word' id='word_1_56' title='bbox 376 989 547 1074; x_wconf 85' lang='grc' dir='ltr'><strong><em>λέγοντας,</em></strong></span> <span class='ocrx_word' id='word_1_57' title='bbox 571 989 604 1054; x_wconf 85' lang='grc' dir='ltr'><strong><em>ολ</em></strong></span> <span class='ocrx_word' id='word_1_58' title='bbox 622 985 653 1052; x_wconf 88' lang='grc' dir='ltr'><strong><em>δ’</em></strong></span> <span class='ocrx_word' id='word_1_59' title='bbox 667 984 845 1071; x_wconf 85' lang='grc' dir='ltr'><strong><em>ἐξέβαλλόν</em></strong></span> <span class='ocrx_word' id='word_1_60' title='bbox 863 1010 898 1053; x_wconf 88' lang='grc' dir='ltr'><strong><em>τε</em></strong></span> <span class='ocrx_word' id='word_1_61' title='bbox 920 987 976 1053; x_wconf 78' lang='grc' dir='ltr'><strong><em>καὶ</em></strong></span> <span class='ocrx_word' id='word_1_62' title='bbox 999 983 1176 1071; x_wconf 81' lang='grc' dir='ltr'><strong><em>κατεβόων.</em></strong></span> 
     </span>
    </p>

    <p class='ocr_par' dir='ltr' id='par_1_3' title="bbox 71 1091 1223 2894">
     <span class='ocr_line' id='line_1_9' title="bbox 71 1091 1177 1183; baseline -0.007 -18"><span class='ocrx_word' id='word_1_63' title='bbox 71 1097 282 1183; x_wconf 73' lang='grc' dir='ltr'><strong><em>κοῦοέκράτει</em></strong></span> <span class='ocrx_word' id='word_1_64' title='bbox 305 1097 343 1162; x_wconf 77' lang='grc' dir='ltr'><strong><em>δὲ</em></strong></span> <span class='ocrx_word' id='word_1_65' title='bbox 366 1098 443 1162; x_wconf 79' lang='grc' dir='ltr'><strong><em>οὔτε</em></strong></span> <span class='ocrx_word' id='word_1_66' title='bbox 466 1095 484 1161; x_wconf 86' lang='grc' dir='ltr'><strong>ὁ</strong></span> <span class='ocrx_word' id='word_1_67' title='bbox 508 1107 575 1161; x_wconf 77' lang='grc' dir='ltr'><strong><em>τῶν</em></strong></span> <span class='ocrx_word' id='word_1_68' title='bbox 599 1091 904 1178; x_wconf 82' lang='grc' dir='ltr'><strong><em>συλλαμβανόντων</em></strong></span> <span class='ocrx_word' id='word_1_69' title='bbox 926 1091 1076 1178; x_wconf 74' lang='grc' dir='ltr'><strong><em>ἔπαινος,</em></strong></span> <span class='ocrx_word' id='word_1_70' title='bbox 1100 1095 1177 1160; x_wconf 78' lang='grc' dir='ltr'><strong><em>οὔτε</em></strong></span> 
     </span>
     <span class='ocr_line' id='line_1_10' title="bbox 154 1199 1216 1290; baseline -0.005 -20"><span class='ocrx_word' id='word_1_71' title='bbox 154 1205 172 1270; x_wconf 88' lang='grc' dir='ltr'>ὁ</span> <span class='ocrx_word' id='word_1_72' title='bbox 202 1215 269 1270; x_wconf 82' lang='grc' dir='ltr'><strong><em>τῶν</em></strong></span> <span class='ocrx_word' id='word_1_73' title='bbox 300 1200 589 1290; x_wconf 80' lang='grc' dir='ltr'><strong><em>ἀντιπραττόντων</em></strong></span> <span class='ocrx_word' id='word_1_74' title='bbox 619 1199 779 1287; x_wconf 89' lang='grc' dir='ltr'><strong><em>θόρυβος.</em></strong></span> <span class='ocrx_word' id='word_1_75' title='bbox 831 1199 1108 1284; x_wconf 77' lang='grc' dir='ltr'><strong><em>ἀγανακτούντων</em></strong></span> <span class='ocrx_word' id='word_1_76' title='bbox 1139 1201 1216 1266; x_wconf 73' lang='grc' dir='ltr'><strong><em>δὲλ</em></strong></span> 
     </span>
     <span class='ocr_line' id='line_1_11' title="bbox 153 1305 1221 1394; baseline -0.007 -18"><span class='ocrx_word' id='word_1_77' title='bbox 153 1322 221 1378; x_wconf 82' lang='grc' dir='ltr'><strong><em>τῶν</em></strong></span> <span class='ocrx_word' id='word_1_78' title='bbox 243 1309 382 1377; x_wconf 84' lang='grc' dir='ltr'><strong><em>ύπάτων</em></strong></span> <span class='ocrx_word' id='word_1_79' title='bbox 403 1311 459 1376; x_wconf 80' lang='grc' dir='ltr'><strong><em>καί</em></strong></span> <span class='ocrx_word' id='word_1_80' title='bbox 481 1308 752 1394; x_wconf 83' lang='grc' dir='ltr'><strong><em>μαρτυρομένων,</em></strong></span> <span class='ocrx_word' id='word_1_81' title='bbox 778 1305 830 1374; x_wconf 82' lang='grc' dir='ltr'><strong><em>ὅτι</em></strong></span> <span class='ocrx_word' id='word_1_82' title='bbox 852 1319 910 1393; x_wconf 80' lang='grc' dir='ltr'><strong><em>τῆς</em></strong></span> <span class='ocrx_word' id='word_1_83' title='bbox 932 1311 1008 1391; x_wconf 93' lang='grc' dir='ltr'><strong><em>βίας</em></strong></span> <span class='ocrx_word' id='word_1_84' title='bbox 1030 1308 1048 1374; x_wconf 86' lang='grc' dir='ltr'><strong><em>δ</em></strong></span> <span class='ocrx_word' id='word_1_85' title='bbox 1073 1309 1175 1393; x_wconf 74' lang='grc' dir='ltr'><strong><em>δῆμος</em></strong></span> <span class='ocrx_word' id='word_1_86' title='bbox 1196 1330 1221 1370; x_wconf 84' lang='grc' dir='ltr'><strong><em>ιο</em></strong></span> 
     </span>
     <span class='ocr_line' id='line_1_12' title="bbox 155 1411 1178 1505; baseline -0.003 -22"><span class='ocrx_word' id='word_1_87' title='bbox 155 1420 247 1505; x_wconf 81' lang='grc' dir='ltr'><strong><em>ἀρχα</em></strong></span> <span class='ocrx_word' id='word_1_88' title='bbox 284 1414 387 1502; x_wconf 90' lang='grc' dir='ltr'><strong><em>λόγον</em></strong></span> <span class='ocrx_word' id='word_1_89' title='bbox 424 1414 486 1482; x_wconf 89' lang='grc' dir='ltr'><strong><em>ούκ</em></strong></span> <span class='ocrx_word' id='word_1_90' title='bbox 518 1413 620 1494; x_wconf 81' lang='grc' dir='ltr'><strong><em>ἀξιῶν</em></strong></span> <span class='ocrx_word' id='word_1_91' title='bbox 653 1413 844 1500; x_wconf 82' lang='grc' dir='ltr'><strong><em>ὑπομένειν,</em></strong></span> <span class='ocrx_word' id='word_1_92' title='bbox 881 1411 1108 1500; x_wconf 83' lang='grc' dir='ltr'><strong><em>ἀπελογοῦντο</em></strong></span> <span class='ocrx_word' id='word_1_93' title='bbox 1145 1417 1178 1482; x_wconf 85' lang='grc' dir='ltr'><strong><em>ολ</em></strong></span> 
     </span>
     <span class='ocr_line' id='line_1_13' title="bbox 155 1519 1178 1610; baseline -0.001 -21"><span class='ocrx_word' id='word_1_94' title='bbox 155 1527 318 1610; x_wconf 77' lang='grc' dir='ltr'><strong><em>δήμαρχοι</em></strong></span> <span class='ocrx_word' id='word_1_95' title='bbox 344 1525 429 1610; x_wconf 90' lang='grc' dir='ltr'><strong><em>πρὸς</em></strong></span> <span class='ocrx_word' id='word_1_96' title='bbox 453 1533 571 1608; x_wconf 83' lang='grc' dir='ltr'><strong><em>ταῦτα,</em></strong></span> <span class='ocrx_word' id='word_1_97' title='bbox 599 1519 651 1588; x_wconf 81' lang='grc' dir='ltr'><strong><em>ὅτι</em></strong></span> <span class='ocrx_word' id='word_1_98' title='bbox 672 1524 736 1607; x_wconf 76' lang='grc' dir='ltr'><strong><em>ἤδη</em></strong></span> <span class='ocrx_word' id='word_1_99' title='bbox 759 1523 909 1606; x_wconf 89' lang='grc' dir='ltr'><strong><em>πέμπτον</em></strong></span> <span class='ocrx_word' id='word_1_100' title='bbox 932 1519 1004 1600; x_wconf 85' lang='grc' dir='ltr'><strong><em>έτος</em></strong></span> <span class='ocrx_word' id='word_1_101' title='bbox 1026 1533 1094 1588; x_wconf 78' lang='grc' dir='ltr'><strong><em>τῶν</em></strong></span> <span class='ocrx_word' id='word_1_102' title='bbox 1119 1519 1178 1588; x_wconf 89' lang='grc' dir='ltr'><strong><em>αύ-</em></strong></span> 
     </span>
     <span class='ocr_line' id='line_1_14' title="bbox 155 1628 1178 1715; baseline -0.001 -19"><span class='ocrx_word' id='word_1_103' title='bbox 155 1643 222 1696; x_wconf 84' lang='grc' dir='ltr'><strong><em>τῶν</em></strong></span> <span class='ocrx_word' id='word_1_104' title='bbox 256 1628 435 1708; x_wconf 88' lang='grc' dir='ltr'><strong><em>ἀκούοντες</em></strong></span> <span class='ocrx_word' id='word_1_105' title='bbox 467 1628 577 1715; x_wconf 90' lang='grc' dir='ltr'><strong><em>λόγων</em></strong></span> <span class='ocrx_word' id='word_1_106' title='bbox 610 1629 715 1696; x_wconf 75' lang='grc' dir='ltr'><strong><em>οὐθὲν</em></strong></span> <span class='ocrx_word' id='word_1_107' title='bbox 741 1639 877 1697; x_wconf 88' lang='grc' dir='ltr'><strong><em>ποιοῦσι</em></strong></span> <span class='ocrx_word' id='word_1_108' title='bbox 908 1630 1115 1714; x_wconf 84' lang='grc' dir='ltr'><strong><em>θαυμαστόν,</em></strong></span> <span class='ocrx_word' id='word_1_109' title='bbox 1148 1631 1178 1695; x_wconf 90' lang='grc' dir='ltr'><strong><em>εί</em></strong></span> 
     </span>
     <span class='ocr_line' id='line_1_15' title="bbox 155 1735 1178 1824; baseline -0.002 -20"><span class='ocrx_word' id='word_1_110' title='bbox 155 1740 199 1824; x_wconf 83' lang='grc' dir='ltr'><strong><em>μὴ</em></strong></span> <span class='ocrx_word' id='word_1_111' title='bbox 237 1737 388 1817; x_wconf 87' lang='grc' dir='ltr'><strong><em>ἀξιοῦσιν</em></strong></span> <span class='ocrx_word' id='word_1_112' title='bbox 423 1735 604 1820; x_wconf 84' lang='grc' dir='ltr'><strong><em>ὑπομένειν</em></strong></span> <span class='ocrx_word' id='word_1_113' title='bbox 640 1735 765 1815; x_wconf 78' lang='grc' dir='ltr'><strong><em>ἑώλους</em></strong></span> <span class='ocrx_word' id='word_1_114' title='bbox 800 1739 856 1804; x_wconf 86' lang='grc' dir='ltr'><strong><em>καλ</em></strong></span> <span class='ocrx_word' id='word_1_115' title='bbox 891 1735 1178 1822; x_wconf 87' lang='grc' dir='ltr'><strong><em>κατημαξευμένας</em></strong></span> 
     </span>
     <span class='ocr_line' id='line_1_16' title="bbox 156 1818 1222 1947; baseline -0.002 -36"><span class='ocrx_word' id='word_1_116' title='bbox 156 1843 355 1930; x_wconf 81' lang='grc' dir='ltr'><strong><em>ἀντιλογίας.</em></strong></span> <span class='ocrx_word' id='word_1_117' title='bbox 405 1846 450 1923; x_wconf 80' lang='grc' dir='ltr'><strong><em>ὡς</em></strong></span> <span class='ocrx_word' id='word_1_118' title='bbox 481 1845 519 1910; x_wconf 79' lang='grc' dir='ltr'><strong><em>δέ</em></strong></span> <span class='ocrx_word' id='word_1_119' title='bbox 550 1846 588 1910; x_wconf 87' lang='grc' dir='ltr'><strong><em>τὸ</em></strong></span> <span class='ocrx_word' id='word_1_120' title='bbox 621 1849 738 1910; x_wconf 81' lang='grc' dir='ltr'><strong><em>πλεῖον</em></strong></span> <span class='ocrx_word' id='word_1_121' title='bbox 764 1854 822 1929; x_wconf 78' lang='grc' dir='ltr'><strong><em>τῆς</em></strong></span> <span class='ocrx_word' id='word_1_122' title='bbox 848 1844 971 1929; x_wconf 72' lang='grc' dir='ltr'><strong><em>ἡμέρας</em></strong></span> <span class='ocrx_word' id='word_1_123' title='bbox 999 1846 1046 1923; x_wconf 87' lang='grc' dir='ltr'><strong><em>είς</em></strong></span> <span class='ocrx_word' id='word_1_124' title='bbox 1075 1818 1222 1947; x_wconf 55' lang='grc' dir='ltr'><strong><em>ταῦταξδ5</em></strong></span> 
     </span>
     <span class='ocr_line' id='line_1_17' title="bbox 155 1948 1178 2042; baseline -0.003 -24"><span class='ocrx_word' id='word_1_125' title='bbox 155 1951 367 2038; x_wconf 76' lang='grc' dir='ltr'><strong><em>ἐδαπανήθη,</em></strong></span> <span class='ocrx_word' id='word_1_126' title='bbox 396 1953 451 2018; x_wconf 85' lang='grc' dir='ltr'><strong><em>καί</em></strong></span> <span class='ocrx_word' id='word_1_127' title='bbox 481 1951 499 2018; x_wconf 87' lang='grc' dir='ltr'>ὁ</span> <span class='ocrx_word' id='word_1_128' title='bbox 528 1953 631 2036; x_wconf 75' lang='grc' dir='ltr'><strong><em>δῆμος</em></strong></span> <span class='ocrx_word' id='word_1_129' title='bbox 659 1948 777 2042; x_wconf 74' lang='grc' dir='ltr'><strong><em>ἀπῄτει</em></strong></span> <span class='ocrx_word' id='word_1_130' title='bbox 804 1953 862 2029; x_wconf 79' lang='grc' dir='ltr'><strong><em>τὰς</em></strong></span> <span class='ocrx_word' id='word_1_131' title='bbox 888 1955 1038 2038; x_wconf 77' lang='grc' dir='ltr'><strong><em>ψήφους,</em></strong></span> <span class='ocrx_word' id='word_1_132' title='bbox 1069 1950 1178 2017; x_wconf 82' lang='grc' dir='ltr'><strong><em>οὐκέτι</em></strong></span> 
     </span>
     <span class='ocr_line' id='line_1_18' title="bbox 156 2059 1180 2146; baseline -0.002 -20"><span class='ocrx_word' id='word_1_133' title='bbox 156 2060 338 2146; x_wconf 84' lang='grc' dir='ltr'><strong><em>ἀνασχετὸν</em></strong></span> <span class='ocrx_word' id='word_1_134' title='bbox 374 2059 577 2144; x_wconf 78' lang='grc' dir='ltr'><strong><em>ἡγησάμενοι</em></strong></span> <span class='ocrx_word' id='word_1_135' title='bbox 612 2061 650 2124; x_wconf 88' lang='grc' dir='ltr'><strong><em>τὸ</em></strong></span> <span class='ocrx_word' id='word_1_136' title='bbox 686 2068 821 2144; x_wconf 84' lang='grc' dir='ltr'><strong><em>πρᾶγμα</em></strong></span> <span class='ocrx_word' id='word_1_137' title='bbox 858 2059 891 2124; x_wconf 88' lang='grc' dir='ltr'><strong><em>ολ</em></strong></span> <span class='ocrx_word' id='word_1_138' title='bbox 922 2059 1080 2124; x_wconf 83' lang='grc' dir='ltr'><strong><em>νεώτατοι</em></strong></span> <span class='ocrx_word' id='word_1_139' title='bbox 1111 2069 1180 2124; x_wconf 82' lang='grc' dir='ltr'><strong><em>τῶν</em></strong></span> 
     </span>
     <span class='ocr_line' id='line_1_19' title="bbox 155 2154 1179 2253; baseline -0.005 -20"><span class='ocrx_word' id='word_1_140' title='bbox 155 2156 338 2253; x_wconf 84' lang='grc' dir='ltr'><strong><em>πατρικίων</em></strong></span> <span class='ocrx_word' id='word_1_141' title='bbox 362 2167 555 2232; x_wconf 77' lang='grc' dir='ltr'><strong><em>διίστασθαι</em></strong></span> <span class='ocrx_word' id='word_1_142' title='bbox 577 2189 612 2231; x_wconf 89' lang='grc' dir='ltr'><strong><em>τε</em></strong></span> <span class='ocrx_word' id='word_1_143' title='bbox 635 2165 853 2248; x_wconf 80' lang='grc' dir='ltr'><strong><em>βουλομένοις</em></strong></span> <span class='ocrx_word' id='word_1_144' title='bbox 875 2154 957 2230; x_wconf 79' lang='grc' dir='ltr'><strong><em>κατὰ</em></strong></span> <span class='ocrx_word' id='word_1_145' title='bbox 980 2167 1090 2250; x_wconf 81' lang='grc' dir='ltr'><strong><em>φυλὰς</em></strong></span> <span class='ocrx_word' id='word_1_146' title='bbox 1110 2175 1179 2242; x_wconf 84' lang='grc' dir='ltr'><strong><em>τοῖς</em></strong></span> 
     </span>
     <span class='ocr_line' id='line_1_20' title="bbox 156 2267 1179 2359; baseline -0.003 -19"><span class='ocrx_word' id='word_1_147' title='bbox 156 2271 315 2359; x_wconf 77' lang='grc' dir='ltr'><strong><em>δημόταις</em></strong></span> <span class='ocrx_word' id='word_1_148' title='bbox 337 2272 491 2355; x_wconf 81' lang='grc' dir='ltr'><strong><em>ἐμποδὼν</em></strong></span> <span class='ocrx_word' id='word_1_149' title='bbox 514 2271 666 2356; x_wconf 81' lang='grc' dir='ltr'><strong><em>ἐγίνοντο</em></strong></span> <span class='ocrx_word' id='word_1_150' title='bbox 689 2273 745 2338; x_wconf 86' lang='grc' dir='ltr'><strong><em>καί</em></strong></span> <span class='ocrx_word' id='word_1_151' title='bbox 767 2273 807 2336; x_wconf 81' lang='grc' dir='ltr'><strong><em>τὰ</em></strong></span> <span class='ocrx_word' id='word_1_152' title='bbox 831 2267 948 2356; x_wconf 81' lang='grc' dir='ltr'><strong><em>ἀγγεῖα</em></strong></span> <span class='ocrx_word' id='word_1_153' title='bbox 970 2282 1038 2337; x_wconf 79' lang='grc' dir='ltr'><strong><em>τῶν</em></strong></span> <span class='ocrx_word' id='word_1_154' title='bbox 1055 2275 1179 2357; x_wconf 75' lang='grc' dir='ltr'><strong><em>ψήφων</em></strong></span> 
     </span>
     <span class='ocr_line' id='line_1_21' title="bbox 155 2376 1223 2468; baseline -0.007 -21"><span class='ocrx_word' id='word_1_155' title='bbox 155 2385 235 2458; x_wconf 86' lang='grc' dir='ltr'><strong><em>τοὺς</em></strong></span> <span class='ocrx_word' id='word_1_156' title='bbox 262 2377 397 2466; x_wconf 83' lang='grc' dir='ltr'><strong><em>ἔχοντας</em></strong></span> <span class='ocrx_word' id='word_1_157' title='bbox 426 2378 618 2468; x_wconf 85' lang='grc' dir='ltr'><strong><em>ἀφηροῦντο</em></strong></span> <span class='ocrx_word' id='word_1_158' title='bbox 645 2378 701 2443; x_wconf 87' lang='grc' dir='ltr'><strong><em>καλ</em></strong></span> <span class='ocrx_word' id='word_1_159' title='bbox 728 2389 796 2444; x_wconf 80' lang='grc' dir='ltr'><strong><em>τῶν</em></strong></span> <span class='ocrx_word' id='word_1_160' title='bbox 820 2376 1078 2464; x_wconf 82' lang='grc' dir='ltr'><strong><em>ὑπηρετούντων</em></strong></span> <span class='ocrx_word' id='word_1_161' title='bbox 1100 2381 1180 2455; x_wconf 86' lang='grc' dir='ltr'><strong><em>τοὺς</em></strong></span> <span class='ocrx_word' id='word_1_162' title='bbox 1197 2399 1223 2439; x_wconf 78' lang='grc' dir='ltr'><strong><em>ιι</em></strong></span> 
     </span>
     <span class='ocr_line' id='line_1_22' title="bbox 155 2481 1180 2573; baseline -0.004 -20"><span class='ocrx_word' id='word_1_163' title='bbox 155 2489 199 2573; x_wconf 80' lang='grc' dir='ltr'><strong><em>μη</em></strong></span> <span class='ocrx_word' id='word_1_164' title='bbox 241 2485 468 2571; x_wconf 80' lang='grc' dir='ltr'><strong><em>βουλομένους</em></strong></span> <span class='ocrx_word' id='word_1_165' title='bbox 508 2493 611 2550; x_wconf 90' lang='grc' dir='ltr'><strong><em>ταῦτα</em></strong></span> <span class='ocrx_word' id='word_1_166' title='bbox 652 2481 788 2570; x_wconf 79' lang='grc' dir='ltr'><strong><em>ἀφιέναι</em></strong></span> <span class='ocrx_word' id='word_1_167' title='bbox 828 2485 1008 2563; x_wconf 86' lang='grc' dir='ltr'><strong><em>τύπτοντές</em></strong></span> <span class='ocrx_word' id='word_1_168' title='bbox 1048 2509 1083 2552; x_wconf 88' lang='grc' dir='ltr'><strong><em>τε</em></strong></span> <span class='ocrx_word' id='word_1_169' title='bbox 1124 2486 1180 2550; x_wconf 81' lang='grc' dir='ltr'><strong><em>καί</em></strong></span> 
     </span>
     <span class='ocr_line' id='line_1_23' title="bbox 156 2589 1220 2679; baseline -0.003 -19"><span class='ocrx_word' id='word_1_170' title='bbox 156 2595 327 2672; x_wconf 82' lang='grc' dir='ltr'><strong><em>ὠθοῦντες</em></strong></span> <span class='ocrx_word' id='word_1_171' title='bbox 359 2590 544 2675; x_wconf 87' lang='grc' dir='ltr'><strong><em>ἐξέβαλλον.</em></strong></span> <span class='ocrx_word' id='word_1_172' title='bbox 586 2589 796 2679; x_wconf 89' lang='grc' dir='ltr'><strong><em>κεκραγότων</em></strong></span> <span class='ocrx_word' id='word_1_173' title='bbox 828 2593 866 2658; x_wconf 77' lang='grc' dir='ltr'><strong><em>δὲ</em></strong></span> <span class='ocrx_word' id='word_1_174' title='bbox 901 2603 969 2658; x_wconf 82' lang='grc' dir='ltr'><strong><em>τῶν</em></strong></span> <span class='ocrx_word' id='word_1_175' title='bbox 1001 2591 1220 2679; x_wconf 76' lang='grc' dir='ltr'><strong><em>δημάρχωνό</em></strong></span> 
     </span>
     <span class='ocr_line' id='line_1_24' title="bbox 156 2697 1180 2783; baseline -0.003 -16"><span class='ocrx_word' id='word_1_176' title='bbox 156 2702 212 2767; x_wconf 86' lang='grc' dir='ltr'><strong><em>καλ</em></strong></span> <span class='ocrx_word' id='word_1_177' title='bbox 242 2703 289 2778; x_wconf 88' lang='grc' dir='ltr'><strong><em>είς</em></strong></span> <span class='ocrx_word' id='word_1_178' title='bbox 318 2699 439 2783; x_wconf 88' lang='grc' dir='ltr'><strong><em>μέσους</em></strong></span> <span class='ocrx_word' id='word_1_179' title='bbox 469 2699 590 2777; x_wconf 81' lang='grc' dir='ltr'><strong><em>αὐτοὺς</em></strong></span> <span class='ocrx_word' id='word_1_180' title='bbox 620 2699 827 2782; x_wconf 84' lang='grc' dir='ltr'><strong><em>ὠθουμένων</em></strong></span> <span class='ocrx_word' id='word_1_181' title='bbox 856 2698 996 2778; x_wconf 88' lang='grc' dir='ltr'><strong><em>ἐκείνοις</em></strong></span> <span class='ocrx_word' id='word_1_182' title='bbox 1025 2700 1087 2783; x_wconf 79' lang='grc' dir='ltr'><strong><em>μὲν</em></strong></span> <span class='ocrx_word' id='word_1_183' title='bbox 1116 2697 1180 2765; x_wconf 47' lang='grc' dir='ltr'><strong><em>ύπη</em></strong></span> 
     </span>
     <span class='ocr_line' id='line_1_25' title="bbox 158 2806 1178 2894; baseline -0.001 -21"><span class='ocrx_word' id='word_1_184' title='bbox 158 2809 306 2894; x_wconf 81' lang='grc' dir='ltr'><strong><em>εχώρουν</em></strong></span> <span class='ocrx_word' id='word_1_185' title='bbox 333 2808 389 2874; x_wconf 89' lang='grc' dir='ltr'><strong><em>καλ</em></strong></span> <span class='ocrx_word' id='word_1_186' title='bbox 418 2817 577 2894; x_wconf 76' lang='grc' dir='ltr'><strong><em>παρεῖχον</em></strong></span> <span class='ocrx_word' id='word_1_187' title='bbox 605 2806 682 2873; x_wconf 86' lang='grc' dir='ltr'><strong><em>ὅποι</em></strong></span> <span class='ocrx_word' id='word_1_188' title='bbox 709 2807 887 2890; x_wconf 91' lang='grc' dir='ltr'><strong><em>βούλοιντο</em></strong></span> <span class='ocrx_word' id='word_1_189' title='bbox 915 2817 1036 2893; x_wconf 80' lang='grc' dir='ltr'><strong><em>χωρεῖν</em></strong></span> <span class='ocrx_word' id='word_1_190' title='bbox 1063 2807 1178 2890; x_wconf 55' lang='grc' dir='ltr'><strong><em>ἀδεῶς,</em></strong></span> 
     </span>
    </p>

    <p class='ocr_par' dir='ltr' id='par_1_4' title="bbox 79 2911 1223 2999">
     <span class='ocr_line' id='line_1_26' title="bbox 79 2911 1223 2999; baseline -0.008 -19"><span class='ocrx_word' id='word_1_191' title='bbox 79 2931 148 2980; x_wconf 75' lang='lat'>2100</span> <span class='ocrx_word' id='word_1_192' title='bbox 157 2924 217 2980; x_wconf 91' lang='grc' dir='ltr'><strong><em>τοῦ</em></strong></span> <span class='ocrx_word' id='word_1_193' title='bbox 246 2911 276 2979; x_wconf 89' lang='grc' dir='ltr'><strong><em>δ’</em></strong></span> <span class='ocrx_word' id='word_1_194' title='bbox 299 2916 403 2981; x_wconf 88' lang='grc' dir='ltr'><strong><em>ἀλλου</em></strong></span> <span class='ocrx_word' id='word_1_195' title='bbox 431 2915 538 2999; x_wconf 80' lang='grc' dir='ltr'><strong><em>δήμου</em></strong></span> <span class='ocrx_word' id='word_1_196' title='bbox 567 2915 604 2979; x_wconf 91' lang='grc' dir='ltr'><strong><em>τὸ</em></strong></span> <span class='ocrx_word' id='word_1_197' title='bbox 628 2912 792 2997; x_wconf 79' lang='grc' dir='ltr'><strong><em>ἑπόμενον</em></strong></span> <span class='ocrx_word' id='word_1_198' title='bbox 815 2914 929 2992; x_wconf 79' lang='grc' dir='ltr'><strong><em>αὐτοῖς</em></strong></span> <span class='ocrx_word' id='word_1_199' title='bbox 951 2913 1021 2999; x_wconf 78' lang='grc' dir='ltr'><strong><em>[καί</em></strong></span> <span class='ocrx_word' id='word_1_200' title='bbox 1044 2915 1081 2979; x_wconf 90' lang='grc' dir='ltr'><strong><em>τὸ</em></strong></span> <span class='ocrx_word' id='word_1_201' title='bbox 1105 2913 1177 2978; x_wconf 91' lang='grc' dir='ltr'><strong><em>κατ’</em></strong></span> <span class='ocrx_word' id='word_1_202' title='bbox 1198 2931 1223 2972; x_wconf 76' lang='grc' dir='ltr'><strong><em>ιι</em></strong></span> 
     </span>
    </p>
   </div>
   <div class='ocr_carea' id='block_1_3' title="bbox 50 3050 1180 3552">
    <p class='ocr_par' dir='ltr' id='par_1_5' title="bbox 157 3050 1180 3484">
     <span class='ocr_line' id='line_1_27' title="bbox 230 3050 1180 3125; baseline -0.002 -17"><span class='ocrx_word' id='word_1_203' title='bbox 230 3060 246 3108; x_wconf 82' lang='grc' dir='ltr'><strong><em>ό</em></strong></span> <span class='ocrx_word' id='word_1_204' title='bbox 260 3059 309 3124; x_wconf 80' lang='grc' dir='ltr'><strong><em>τῆς</em></strong></span> <span class='ocrx_word' id='word_1_205' title='bbox 323 3055 388 3109; x_wconf 74' lang='lat' dir='ltr'><strong>add.</strong></span> <span class='ocrx_word' id='word_1_206' title='bbox 398 3053 445 3108; x_wconf 92' lang='lat' dir='ltr'><strong><em>Bb</em></strong></span> <span class='ocrx_word' id='word_1_207' title='bbox 492 3061 525 3109; x_wconf 83' lang='lat'><strong><em>12</em></strong></span> <span class='ocrx_word' id='word_1_208' title='bbox 539 3063 595 3109; x_wconf 82' lang='grc' dir='ltr'><strong><em>τῶν</em></strong></span> <span class='ocrx_word' id='word_1_209' title='bbox 609 3055 702 3110; x_wconf 74' lang='grc' dir='ltr'><strong><em>αὐτῶν</em></strong></span> <span class='ocrx_word' id='word_1_210' title='bbox 716 3052 806 3125; x_wconf 85' lang='grc' dir='ltr'><strong><em>λόγων</em></strong></span> <span class='ocrx_word' id='word_1_211' title='bbox 820 3055 873 3108; x_wconf 86' lang='grc' dir='ltr'><strong><em>ΑΒ</em></strong></span> <span class='ocrx_word' id='word_1_212' title='bbox 891 3051 941 3110; x_wconf 83' lang='grc' dir='ltr'><strong><em>τὸν</em></strong></span> <span class='ocrx_word' id='word_1_213' title='bbox 955 3051 1042 3108; x_wconf 86' lang='grc' dir='ltr'><strong><em>αότδν</em></strong></span> <span class='ocrx_word' id='word_1_214' title='bbox 1056 3050 1140 3122; x_wconf 90' lang='grc' dir='ltr'><strong><em>λόγον</em></strong></span> <span class='ocrx_word' id='word_1_215' title='bbox 1154 3053 1180 3106; x_wconf 79' lang='lat' dir='ltr'>R</span> 
     </span>
     <span class='ocr_line' id='line_1_28' title="bbox 157 3123 1179 3197; baseline 0 -18"><span class='ocrx_word' id='word_1_216' title='bbox 157 3133 212 3180; x_wconf 83' lang='grc' dir='ltr'><strong><em>τῶν</em></strong></span> <span class='ocrx_word' id='word_1_217' title='bbox 238 3127 330 3182; x_wconf 74' lang='grc' dir='ltr'><strong><em>αὐτῶν</em></strong></span> <span class='ocrx_word' id='word_1_218' title='bbox 356 3123 439 3197; x_wconf 86' lang='grc' dir='ltr'><strong><em>λόγον</em></strong></span> <span class='ocrx_word' id='word_1_219' title='bbox 464 3125 607 3196; x_wconf 77' lang='lat' dir='ltr'><strong>Kiessling</strong></span> <span class='ocrx_word' id='word_1_220' title='bbox 631 3126 709 3180; x_wconf 78' lang='lat' dir='ltr'><strong>haud</strong></span> <span class='ocrx_word' id='word_1_221' title='bbox 733 3126 819 3180; x_wconf 79' lang='lat' dir='ltr'>dubie</span> <span class='ocrx_word' id='word_1_222' title='bbox 841 3126 944 3181; x_wconf 88' lang='lat' dir='ltr'>mendo</span> <span class='ocrx_word' id='word_1_223' title='bbox 971 3125 1179 3195; x_wconf 78' lang='lat' dir='ltr'><strong>typographico</strong></span> 
     </span>
     <span class='ocr_line' id='line_1_29' title="bbox 160 3195 1179 3267; baseline 0 -17"><span class='ocrx_word' id='word_1_224' title='bbox 160 3203 193 3251; x_wconf 84' lang='grc'><strong><em>14</em></strong></span> <span class='ocrx_word' id='word_1_225' title='bbox 211 3195 492 3267; x_wconf 79' lang='grc' dir='ltr'><strong><em>κατημαξευμέναςΟ</em></strong></span> <span class='ocrx_word' id='word_1_226' title='bbox 512 3198 547 3253; x_wconf 82' lang='lat' dir='ltr'><strong><em>cf.</em></strong></span> <span class='ocrx_word' id='word_1_227' title='bbox 562 3197 673 3267; x_wconf 79' lang='lat' dir='ltr'>Krfiger</span> <span class='ocrx_word' id='word_1_228' title='bbox 687 3198 724 3251; x_wconf 73' lang='lat' dir='ltr'><strong><em>ad</em></strong></span> <span class='ocrx_word' id='word_1_229' title='bbox 738 3199 820 3252; x_wconf 86' lang='lat' dir='ltr'><strong>Dion.</strong></span> <span class='ocrx_word' id='word_1_230' title='bbox 835 3198 909 3251; x_wconf 71' lang='lat' dir='ltr'><strong>Hist.</strong></span> <span class='ocrx_word' id='word_1_231' title='bbox 923 3215 951 3266; x_wconf 91' lang='lat' dir='ltr'><strong><em>p.</em></strong></span> <span class='ocrx_word' id='word_1_232' title='bbox 961 3201 1013 3250; x_wconf 86' lang='lat'><strong><em>491</em></strong></span> <span class='ocrx_word' id='word_1_233' title='bbox 1061 3203 1095 3250; x_wconf 79' lang='lat'><strong><em>24</em></strong></span> <span class='ocrx_word' id='word_1_234' title='bbox 1114 3197 1179 3267; x_wconf 89' lang='grc' dir='ltr'><strong><em>βού-</em></strong></span> 
     </span>
     <span class='ocr_line' id='line_1_30' title="bbox 159 3266 1180 3392; baseline -0.001 -70"><span class='ocrx_word' id='word_1_235' title='bbox 159 3271 254 3323; x_wconf 86' lang='grc' dir='ltr'><strong><em>λονται</em></strong></span> <span class='ocrx_word' id='word_1_236' title='bbox 276 3269 299 3322; x_wconf 94' lang='grc' dir='ltr'><strong>Β</strong></span> <span class='ocrx_word' id='word_1_237' title='bbox 325 3269 469 3340; x_wconf 87' lang='grc' dir='ltr'><strong><em>βούλοιντο</em></strong></span> <span class='ocrx_word' id='word_1_238' title='bbox 493 3269 519 3322; x_wconf 86' lang='lat' dir='ltr'><strong>R</strong></span> <span class='ocrx_word' id='word_1_239' title='bbox 595 3274 629 3322; x_wconf 79' lang='lat'><strong><em>25</em></strong></span> <span class='ocrx_word' id='word_1_240' title='bbox 656 3266 718 3324; x_wconf 83' lang='grc' dir='ltr'><strong><em>τότε</em></strong></span> <span class='ocrx_word' id='word_1_241' title='bbox 741 3266 879 3338; x_wconf 72' lang='grc' dir='ltr'><strong><em>ἑπομένου</em></strong></span> <span class='ocrx_word' id='word_1_242' title='bbox 899 3269 924 3321; x_wconf 87' lang='lat' dir='ltr'>A</span> <span class='ocrx_word' id='word_1_243' title='bbox 950 3266 1043 3340; x_wconf 85' lang='grc' dir='ltr'><strong><em>&lt;τοῦ&gt;</em></strong></span> <span class='ocrx_word' id='word_1_244' title='bbox 1065 3267 1180 3392; x_wconf 52' lang='grc' dir='ltr'><strong><em>ἐπῳ-</em></strong></span> 
     </span>
     <span class='ocr_line' id='line_1_31' title="bbox 158 3335 1179 3410; baseline -0.002 -16"><span class='ocrx_word' id='word_1_245' title='bbox 158 3336 244 3409; x_wconf 80' lang='grc' dir='ltr'><strong><em>μένου</em></strong></span> <span class='ocrx_word' id='word_1_246' title='bbox 257 3339 304 3393; x_wconf 90' lang='lat' dir='ltr'><strong><em>Bb</em></strong></span> <span class='ocrx_word' id='word_1_247' title='bbox 323 3341 388 3402; x_wconf 81' lang='grc' dir='ltr'><strong><em>τοῦς</em></strong></span> <span class='ocrx_word' id='word_1_248' title='bbox 406 3337 560 3410; x_wconf 75' lang='grc' dir='ltr'><strong><em>ἑπομένους</em></strong></span> <span class='ocrx_word' id='word_1_249' title='bbox 573 3340 717 3410; x_wconf 79' lang='lat' dir='ltr'><strong>Kiessling</strong></span> <span class='ocrx_word' id='word_1_250' title='bbox 734 3349 784 3395; x_wconf 86' lang='grc' dir='ltr'><strong><em>τοῦ</em></strong></span> <span class='ocrx_word' id='word_1_251' title='bbox 804 3340 835 3394; x_wconf 78' lang='grc' dir='ltr'><strong><em>δέ</em></strong></span> <span class='ocrx_word' id='word_1_252' title='bbox 855 3338 939 3394; x_wconf 86' lang='grc' dir='ltr'><strong><em>ἀλλον</em></strong></span> <span class='ocrx_word' id='word_1_253' title='bbox 958 3338 1049 3409; x_wconf 85' lang='grc' dir='ltr'><strong><em>δήμου</em></strong></span> <span class='ocrx_word' id='word_1_254' title='bbox 1066 3336 1098 3394; x_wconf 85' lang='grc' dir='ltr'><strong><em>τὸ</em></strong></span> <span class='ocrx_word' id='word_1_255' title='bbox 1129 3335 1179 3392; x_wconf 93' lang='grc' dir='ltr'><strong><em>πό-</em></strong></span> 
     </span>
     <span class='ocr_line' id='line_1_32' title="bbox 158 3406 1176 3484; baseline -0.002 -20"><span class='ocrx_word' id='word_1_256' title='bbox 158 3429 243 3480; x_wconf 73' lang='grc' dir='ltr'><strong><em>μενον</em></strong></span> <span class='ocrx_word' id='word_1_257' title='bbox 261 3412 436 3474; x_wconf 81' lang='grc' dir='ltr'><strong><em>αύτοῑς-οῦ</em></strong></span> <span class='ocrx_word' id='word_1_258' title='bbox 454 3409 593 3479; x_wconf 84' lang='grc' dir='ltr'><strong><em>παρίεσαν</em></strong></span> <span class='ocrx_word' id='word_1_259' title='bbox 607 3411 708 3466; x_wconf 69' lang='lat' dir='ltr'>Portus</span> <span class='ocrx_word' id='word_1_260' title='bbox 729 3411 732 3484; x_wconf 64' lang='grc' dir='ltr'><strong><em>λ</em></strong></span> <span class='ocrx_word' id='word_1_261' title='bbox 752 3410 838 3466; x_wconf 80' lang='lat' dir='ltr'>verba</span> <span class='ocrx_word' id='word_1_262' title='bbox 857 3411 923 3465; x_wconf 85' lang='lat' dir='ltr'>inde</span> <span class='ocrx_word' id='word_1_263' title='bbox 942 3409 979 3464; x_wconf 74' lang='lat' dir='ltr'><strong><em>ab</em></strong></span> <span class='ocrx_word' id='word_1_264' title='bbox 997 3411 1047 3464; x_wconf 87' lang='grc' dir='ltr'><strong><em>καλ</em></strong></span> <span class='ocrx_word' id='word_1_265' title='bbox 1065 3406 1176 3464; x_wconf 79' lang='grc' dir='ltr'><strong><em>τὸκατ’</em></strong></span> 
     </span>
    </p>

    <p class='ocr_par' dir='ltr' id='par_1_6' title="bbox 50 3481 714 3552">
     <span class='ocr_line' id='line_1_33' title="bbox 50 3481 714 3552; baseline 0 -16"><span class='ocrx_word' id='word_1_266' title='bbox 50 3501 52 3508; x_wconf 93' lang='grc'><strong><em>·</em></strong></span> <span class='ocrx_word' id='word_1_267' title='bbox 159 3481 228 3537; x_wconf 83' lang='grc' dir='ltr'><strong><em>ἀλλα</em></strong></span> <span class='ocrx_word' id='word_1_268' title='bbox 246 3499 335 3552; x_wconf 78' lang='lat' dir='ltr'>usque</span> <span class='ocrx_word' id='word_1_269' title='bbox 354 3483 391 3536; x_wconf 74' lang='lat' dir='ltr'><strong><em>ad</em></strong></span> <span class='ocrx_word' id='word_1_270' title='bbox 411 3481 455 3536; x_wconf 81' lang='grc' dir='ltr'><strong><em>ἐπ’</em></strong></span> <span class='ocrx_word' id='word_1_271' title='bbox 473 3483 575 3544; x_wconf 82' lang='grc' dir='ltr'><strong><em>αῦτοῦς</em></strong></span> <span class='ocrx_word' id='word_1_272' title='bbox 593 3499 646 3538; x_wconf 88' lang='lat' dir='ltr'><strong><em>om.</em></strong></span> <span class='ocrx_word' id='word_1_273' title='bbox 661 3483 714 3536; x_wconf 86' lang='lat' dir='ltr'><strong><em>AB</em></strong></span> 
     </span>
    </p>
   </div>
   <div class='ocr_carea' id='block_1_4' title="bbox 0 0 1341 3920">
    <p class='ocr_par' dir='ltr' id='par_1_7' title="bbox 0 0 1341 3920">
     <span class='ocr_line' id='line_1_34' title="bbox 0 0 1341 3920; baseline 0 0"><span class='ocrx_word' id='word_1_274' title='bbox 0 0 1341 3920; x_wconf 95' lang='lat' dir='ltr'><strong><em> </em></strong></span> 
     </span>
    </p>
   </div>
  </div>
 </body>
</html>
