2656 3932
589 245 623 253 ·-
660 219 700 269 [A
738 246 771 254 -
1127 220 1189 284 147

169 351 214 429 τῷ
251 343 453 427 προσήκοντι
488 346 668 418 καλοῦντες
704 340 843 407 ἕκαστον
874 344 973 430 τόπφ.
1022 354 1125 428 τριῶν
1157 341 1187 408 δ’

170 446 438 538 ἀποδειξαμένων
469 449 602 533 γνώμας
633 449 833 533 διαφόρους,
865 449 1040 516 Κλαυδίου
1072 473 1108 516 τε
1136 451 1192 516 καί

168 558 363 642 Κορνηλίου
394 556 449 622 καί
479 555 665 641 Οὐαλερίου
693 539 898 639 τελευταίου,
931 554 1088 640 διέγνωτε
1115 558 1192 642 περί

168 663 280 728 αὐτῶν
298 663 392 746 ὑμεῖς
414 665 447 728 ολ
470 665 595 746 λοιποί,
618 662 674 728 καί
696 662 828 746 παριὼν
845 661 980 739 ἕκαστος
998 662 1191 749 ἀπεφήνατο

118 859 123 870 Ι
168 769 304 836 πάντων
333 769 536 854 ἀκουόντων,
565 761 588 859 ᾗ
615 758 833 855 προσετίθετο
860 769 984 860 γνώμη.
1035 745 1236 875 ολπιιίντων55

86 877 211 960 κιοθδῆ
234 879 423 961 γεγονότων
445 878 528 942 κατὰ
550 877 666 959 νόμον,
694 873 807 961 ἐπειδη
830 886 900 954 τοις
922 878 1074 944 πλείοσιν
1096 877 1191 961 ὑμῶν

169 987 358 1068 Κορνήλιος
398 983 506 1050 έδόκει
546 985 587 1048 τὰ
627 982 785 1068 κράτιστα
821 983 1029 1068 ὑποθέσθαι,
1070 993 1191 1052 τοῦτον

169 1090 412 1175 ἀπεφηνάμεθα
432 1099 531 1157 νικᾶν
548 1091 604 1157 καλ
621 1092 684 1175 τῆν
702 1087 962 1176 ἀποδειχθεῖσαν
979 1091 1045 1158 ὑπὸ
1069 1092 1190 1158 τούτου

167 1198 305 1282 γνώμην
334 1197 521 1283 γράψαντες
552 1195 745 1283 ἐκφέρομεν.
797 1196 980 1283 Οὐαλέριος
1009 1197 1047 1264 δὲ
1075 1200 1131 1266 καί
1159 1201 1191 1266 ολ

168 1301 236 1386 μετ’
255 1305 359 1370 αὐτοῦ
382 1303 520 1383 ἑστῶτες
543 1305 624 1370 ὅταν
646 1303 742 1370 αὐτοὶ
764 1305 909 1389 τύχωσιν
932 1303 1084 1384 ἐξουσίας
1106 1305 1191 1372 ὑπα-
1210 1329 1235 1368 ιο

167 1421 275 1496 τικῆς,
310 1413 405 1488 δίκας
435 1408 464 1476 τ’
484 1412 548 1496 ῆδη
580 1410 674 1488 τέλος
705 1409 845 1496 ἐχούσας
876 1411 1057 1490 ἀναδίκους
1088 1415 1191 1479 ποιεί·

167 1534 289 1602 τωσαν,
308 1516 367 1584 ἐὰν
381 1518 495 1596 αὐτοῖς
511 1521 613 1604 φίλον
626 1509 657 1607 ᾖ,
671 1517 727 1583 καί
740 1519 950 1601 βουλεύματα
964 1519 1191 1604 διεγνωσμένα

167 1624 234 1690 ὑπὸ
257 1624 393 1691 πάντων
414 1624 509 1708 ὑμῶν
532 1627 639 1710 ἄκυρα
661 1625 924 1691 καθιστατωσαυ.
970 1625 1069 1692 Ταῦτ’
1081 1627 1190 1692 είπὼυ
1209 1627 1229 1692 6

167 1731 223 1796 καί
254 1733 314 1798 τὸν
345 1730 536 1819 γραμματέα
566 1731 724 1810 κελεύσας
756 1732 947 1816 ἀναγνῶναι
978 1733 1016 1798 τὸ
1044 1735 1190 1819 προβού-

168 1843 286 1924 λευμα,
319 1837 356 1905 έν
385 1830 414 1927 ᾦ
440 1840 502 1924 τῆν
531 1841 749 1925 καταγραφὴν
778 1848 838 1904 τοῦ
871 1848 1013 1926 στρατοῦ
1043 1841 1099 1906 καί
1128 1843 1190 1926 τῆν
1209 1861 1233 1902 ιι

166 1946 347 2030 ἡγεμονίαν
361 1955 421 2012 τοῦ
444 1945 590 2028 πολέμου
613 1950 693 2024 τοὺς
715 1945 795 2012 δέκα
808 1950 1014 2032 παραλαβεῖν
1028 1946 1189 2032 ἐτέτακτο,

167 2052 299 2118 διέλυσε
321 2053 382 2118 τὸν
404 2053 579 2136 σύλλογον.

237 2158 339 2224 XXII.
363 2161 460 2225 Μετὰ
482 2157 580 2226 τοῦθ’
599 2161 632 2225 ολ
654 2159 715 2242 μέν
733 2169 791 2244 τῆς
815 2159 1026 2246 ὀλιγαρχικῆς
1045 2158 1190 2245 ἑταιρίας

167 2267 307 2352 σοβαροὶ
333 2266 390 2331 καί
415 2272 556 2351 θρασεῖς
583 2262 763 2355 περιῄεσαν
790 2265 835 2342 ὡς
864 2266 906 2350 δη
929 2269 1100 2351 κρείττους
1121 2277 1189 2332 τῶν

167 2373 289 2457 ἑτέρων
316 2374 490 2457 γεγονότες
516 2373 572 2437 καί
599 2371 881 2457 διαπεπραγμένοι
907 2372 1022 2456 μηκέτι
1048 2379 1189 2439 καταλυ-
1207 2395 1234 2435 ιο

135 2555 137 2560 ,
166 2487 271 2566 θῆναι
294 2490 391 2564 σφῶν
413 2481 475 2564 τῆν
498 2479 709 2563 δυναστείαν,
732 2477 868 2545 ἐπειδὰν
891 2478 976 2557 ἅπαξ
1000 2480 1113 2546 ὅπλων
1133 2481 1189 2546 καί

30 2569 31 2576 ¹
167 2596 321 2673 στρατιᾶς
343 2574 505 2670 γένωνται
528 2586 652 2672 κύριοι·
675 2587 709 2651 οἱ
731 2585 769 2652 δὲ
791 2587 831 2652 τὰ
849 2585 1003 2669 βέλτιστα
1021 2599 1067 2674 τῶ
1085 2587 1227 2675 κοινῷ2

167 2703 372 2780 φρονοῦντες
401 2693 544 2778 ἀνιαρῶς
571 2693 773 2776 διακείμενοι
797 2694 852 2758 καί
874 2696 1065 2781 περιφόβως
1095 2695 1186 2774 (ὡς)

87 2817 157 2866 2210
167 2803 305 2880 οὐδενὸς
327 2811 395 2866 τῶν
413 2811 537 2866 κοινῶν
555 2796 603 2865 ἔτι
621 2802 839 2884 γενησόμενοι
857 2801 968 2888 κύριοι
986 2801 1041 2866 καί
1060 2800 1187 2884 διέστη-

167 2925 229 2974 σαν
270 2910 318 2986 είς
357 2907 439 2994 μέρη
481 2907 602 2991 πολλά,
642 2919 710 2972 τῶν
750 2907 812 2989 μέν
848 2907 1094 2992 ἀγεννεστέρων
1129 2909 1188 2985 τδις
1206 2928 1231 2969 ει

238 3054 254 3102 3
282 3046 382 3119 διέγνω
409 3047 459 3110 τὰς
486 3047 535 3101 LV
572 3044 702 3116 διέγνωτε
735 3047 857 3117 Sylburg
914 3048 916 3112 λ
973 3047 1037 3114 περὶ
1067 3041 1106 3102 διν
1138 3046 1187 3100 LV

166 3122 276 3186 παριὼν
294 3119 397 3174 Reiske
470 3126 487 3174 6
506 3116 599 3187 νόμων
618 3119 639 3171 L
658 3117 762 3188 νόμους
780 3118 810 3172 Μ
827 3131 878 3187 μνμ
894 3117 920 3171 V
938 3115 1026 3187 νόμον
1044 3118 1187 3189 Kiessling

168 3195 202 3244 10
223 3189 282 3260 μετ’
303 3193 390 3246 αότοῶ
414 3199 580 3252 συνεστῶτες
605 3207 627 3244 ο.
650 3189 738 3244 Cobet
762 3189 826 3244 obs.
846 3207 873 3258 p.
889 3195 941 3243 207
1016 3196 1047 3244 11
1067 3191 1187 3260 ποιῆτα-

167 3278 220 3316 σαν
233 3262 259 3314 V
310 3268 342 3317 15
362 3265 426 3330 post
440 3270 558 3330 στρατοῦ
573 3261 677 3316 Βωίελιο
696 3261 778 3316 addit
791 3264 938 3316 ποιεῖσθαι
988 3265 1021 3315 18
1041 3259 1186 3330 ἑτερίαςλῖ

167 3339 200 3387 19
227 3333 257 3387 δὲ
278 3333 304 3386 V
329 3333 364 3402 δὴ
387 3333 413 3386 R
492 3339 526 3388 20
551 3329 649 3402 μηκέτι
673 3335 870 3402 καταλυθῆναι
895 3340 974 3400 σφῶν
997 3332 1019 3386 L
1044 3333 1081 3402 μὴ
1107 3341 1186 3401 σφῶν

165 3404 406 3473 καταλυθῆναιΒ
479 3411 511 3458 21
531 3405 580 3458 καλ
600 3412 730 3472 στρατιᾶς
751 3421 805 3459 om.
825 3403 848 3459 Ο
871 3404 1023 3473 μεαεθθτλι
1097 3410 1130 3458 23
1150 3404 1187 3466 ὡς

166 3476 231 3532 add.
247 3475 351 3530 Reiuke
424 3481 458 3529 24
477 3477 526 3530 καλ
545 3475 598 3530 del.
614 3475 758 3546 Kiessling

974 3581 1025 3636 10*
