2662 3920
165 209 208 275 ’ίο
592 240 626 248 ·-
664 212 679 261 I
714 239 747 249 -

163 335 296 421 φάλαρα
324 332 355 399 δ’
377 333 520 419 ἐπίσημα
542 334 640 400 πέντε
664 336 747 418 πρὸς
769 345 839 412 τοῖς
862 334 999 420 εἴκοσιν,
1017 335 1040 419 †
1059 329 1108 401 ὧν
1131 333 1187 402 ἐν·

162 442 222 508 νέα
239 439 335 526 ἦσαν,
354 440 413 518 ούς
431 443 661 530 μουομαχησαί
676 464 752 507 τινα
765 443 859 526 ἡμῶν
873 441 1186 527 προκαλεσαμένους

122 548 313 626 4ἑκούσιος
342 548 489 626 ὑποστάς
518 547 662 633 ἐνίκησα.
709 544 807 626 οὗτος
835 548 949 632 μέντοι
976 551 1128 634 Σίκκιος,
1156 545 1184 614 ὦ

162 661 308 740 πολῖται,
327 654 345 720 ὀ
364 663 508 720 τοσαῦτα
526 655 588 739 μὲν
606 651 662 740 ἔτη
682 655 965 741 στρατευσάμενος
978 655 1064 742 ὑπὲρ
1077 656 1185 740 ὑμῶν,

116 786 144 826 ἰ
161 764 324 840 τοσαύτας
346 761 385 828 δὲ
406 763 510 847 μάχας
530 761 792 847 ἀγωνισάμενος,
811 763 983 840 τοσούτοις
1001 763 1039 829 δὲ
1056 786 1185 848 τετιμη-

162 869 261 953 μένος
288 869 480 956 ἀριστείοις,
502 868 520 934 ὀ
544 868 671 953 μηδένα
698 869 860 936 κίνδυνον
886 871 1029 955 ὀκνήσας
1051 871 1184 936 πώποτε

161 974 237 1061 μηδ’
270 977 491 1059 ἀπειπάμενος
520 977 603 1066 άλλη
633 973 671 1042 ὀν
699 975 899 1062 παρατάξεσι
928 977 983 1042 καὶ
1013 976 1051 1042 έν
1080 1001 1185 1062 τειχο·

161 1086 293 1168 μαχίαις
314 1084 370 1149 καί
393 1081 431 1149 ἐν
452 1085 562 1162 πεξολς
583 1083 639 1148 καὶ
662 1081 700 1148 ἐν
721 1083 857 1148 ἱππεῦσι
875 1084 931 1149 καὶ
948 1085 1030 1167 μετὰ
1047 1084 1184 1150 πάντων

161 1191 216 1255 καὶ
246 1194 311 1256 σὺν
341 1191 466 1275 ὀλίηοις
495 1190 551 1255 καί
577 1192 694 1275 μόνος,
718 1190 773 1255 καί
795 1190 1081 1277 κατατετρωμένος
1103 1193 1184 1258 ὅλον

119 1320 144 1360 ιο
161 1299 199 1362 τὸ
223 1308 330 1382 σῶμα,
354 1297 372 1363 ὁ
396 1297 747 1383 συγκατακτησάμενος
768 1305 809 1383 τη
828 1299 964 1384 πατρίδι
982 1300 1110 1382 πολλὴν
1128 1299 1266 1366 καλεσει

162 1404 295 1489 ἀγαθὴν
318 1415 393 1490 γῆν,
413 1413 512 1470 τοῦτο
530 1404 592 1486 μὲν
609 1405 653 1489 ἣν
672 1405 867 1491 Τυρρηνούς
884 1428 920 1470 τε
938 1406 998 1470 παλ
1012 1408 1184 1488 Σαβίνους

162 1511 358 1597 ἀφείλεσθε,
380 1521 479 1576 τοῦτο
503 1511 541 1577 δὲ
561 1511 605 1595 ἥν
622 1513 782 1578 Αἰκανῶν
803 1513 859 1578 καί
880 1512 1105 1579 Οὐολούσκων
1127 1514 1184 1578 καὶ

162 1621 388 1701 Πωμεντίνων
417 1622 639 1704 κρατήσαντες
670 1615 774 1704 ἔχετε,
807 1618 887 1684 ούδὲ
916 1620 978 1704 την
1007 1617 1183 1705 ἐλαχίστην

162 1721 224 1810 ἔχω
254 1735 376 1811 μολραν
405 1723 439 1804 έξ
469 1725 570 1810 αὐτῆς
600 1727 723 1810 λαβών,
753 1723 827 1791 οὐδ’
854 1725 959 1810 ὑμῶν,
982 1722 1008 1792 ὦ
1032 1727 1182 1812 δημόται,

118 1853 143 1892 ιι
161 1842 229 1897 τῶν
251 1833 291 1896 τά
314 1832 412 1916 ὀμοια
433 1833 757 1919 ταλαιπωρησάντων
781 1833 905 1910 οὐδείς·
930 1834 963 1899 ολ
981 1833 1019 1899 δὲ
1036 1836 1183 1918 βιαιότα-

161 1961 214 2004 τοι
242 1949 310 2005 τῶν
338 1937 375 2005 έν
401 1948 442 2026 τῇ
469 1941 562 2005 πόλει
588 1941 644 2007 καλ
667 1939 897 2006 ἀναιδέστατοι
918 1941 980 2025 την
1003 1941 1183 2024 καλλίστην

161 2046 358 2132 κατέχουσιν
384 2045 418 2125 ἐξ
446 2046 548 2132 αὐτῆς
569 2048 625 2112 καί
647 2049 754 2113 πολλὰ
776 2044 832 2132 έτη
855 2047 1083 2132 κεκάρπωνται
1105 2048 1183 2113 οὕτε

162 2155 291 2241 δωρεάν
313 2153 391 2240 παρ’
413 2154 508 2238 ὑμῶν
531 2156 689 2238 λαβόντες
712 2155 788 2220 οὔτε
811 2155 987 2240 χρημάτων
1007 2154 1183 2239 πριάμενοι

162 2263 238 2328 ούτε
266 2263 371 2347 ἀλλην
399 2262 533 2327 δικαίαν
559 2272 676 2347 κτῆσιν
704 2262 864 2344 οὐδεμίαν
887 2263 989 2347 αὐτῆς
1012 2262 1183 2340 ἀποδείξαι

118 2340 144 2470 3
162 2369 351 2452 δυνάμενοι.
382 2369 439 2434 καί
457 2368 487 2433 εί
505 2368 567 2451 μὲν
585 2368 641 2434 ίσα
659 2379 729 2447 τοίς
748 2370 861 2446 ἀλλοις
877 2370 958 2453 ημῖν
976 2373 1183 2454 ταλαιπωρη-

162 2491 293 2559 σαντες,
312 2475 360 2540 ὅτ’
373 2476 478 2560 αὐτὴν
497 2474 683 2560 ἐκτώμεθα,
701 2481 818 2542 πλεῖον
835 2475 953 2560 ἠξίουν
970 2477 1064 2560 ἡμῶν
1083 2473 1182 2561 ἔχειν,

161 2577 205 2666 ἦν
226 2581 288 2664 μὲν
311 2581 384 2646 οὐδ’
402 2581 488 2646 ούτω
510 2583 641 2648 δίκαιον
659 2583 740 2648 οὐδὲ
757 2584 929 2649 πολιτικὸν
948 2583 1083 2667 ὀλίγους
1102 2599 1182 2668 σφε-

234 2762 249 2810 1
269 2755 384 2825 φάλαρα
403 2756 433 2811 δὲ
452 2753 534 2812 πέντε
553 2757 578 2810 Α
605 2757 608 2828 λ
638 2759 703 2826 post
725 2757 814 2812 εἴκοσι
837 2758 900 2828 (sic)
922 2758 1054 2812 lacunam
1073 2775 1134 2814 εεεε
1153 2762 1182 2814 ελ

161 2827 246 2882 verba
274 2828 422 2882 excidisse:
455 2827 569 2897 λάφυρα
595 2828 625 2883 δὲ
651 2826 789 2898 πολεμίων
816 2826 994 2899 ἡττηθέντων
1023 2829 1129 2884 είκοσιν
1157 2847 1179 2884 ο.

161 2901 308 2956 Enthoven
337 2898 518 2968 Mnemosyne
543 2902 564 2954 t.
587 2898 665 2953 XXII
690 2902 780 2969 (1894)
810 2918 838 2969 p.
861 2905 912 2954 389
994 2908 1011 2954 4
1037 2899 1052 2955 ὀ
1078 2918 1132 2955 om.
1156 2903 1181 2955 A

163 2977 178 3025 7
203 2969 282 3026 *ἀλλ’
308 2966 344 3040 ἦν
372 2970 402 3026 έν
429 2970 601 3039 παρατάξεσι
624 2970 646 3024 Ο
674 2971 744 3042 μηδὲ
771 2969 963 3040 ταλαιπωρίαν
991 2971 1182 3042 ἀπειπάμενος

161 3041 256 3112 ἀλλην,
275 3041 345 3096 ἀλλά
362 3043 517 3111 προθύμως
535 3042 694 3108 ἐξετασθείς
712 3042 742 3097 ἐν
760 3041 932 3111 παρατάξεσι
950 3060 973 3097 ο.
988 3043 1092 3097 Reiske
1112 3043 1182 3097 ἀλλὰ

162 3113 292 3187 (πάντας
318 3113 464 3238 ὀποστάςί
495 3114 544 3168 καὶ
574 3113 604 3168 ἀν
636 3131 658 3168 ο.
683 3114 837 3239 muling,
870 3114 939 3168 ἀλλὰ
970 3113 1080 3176 πάντας
1111 3114 1181 3182 ἀρά-

161 3205 243 3254 μενος
261 3186 311 3240 καλ
330 3185 402 3240 Smit
421 3185 443 3240 Ο
465 3201 485 3239 ε.
501 3203 529 3254 p.
539 3191 574 3240 45
593 3185 783 3255 ἀπειπάμενος
821 3188 869 3260 λλη
888 3186 919 3240 ἐν
937 3185 1109 3254 παρατάξεσι
1128 3202 1180 3256 ego

162 3261 178 3310 8
196 3256 265 3326 μετά
283 3255 409 3328 πάντων]
428 3255 497 3326 μετὰ
514 3259 623 3312 πολλῶν
642 3274 664 3312 ο.
685 3258 758 3312 θεεὶὀ
777 3256 841 3312 obs.
860 3275 888 3326 p.
904 3263 938 3310 52
1007 3262 1023 3310 9
1042 3253 1140 3326 μόνοις
1158 3257 1180 3310 Β

163 3334 196 3382 13
215 3326 306 3398 ἔσχετε
320 3328 346 3380 Α
364 3327 438 3398 ίχετε
452 3328 478 3381 R
506 3327 509 3400 λ
536 3331 601 3398 post
619 3327 709 3399 ἔσχετε
728 3327 773 3383 vel
792 3327 865 3398 ἔχετε
885 3327 907 3382 O
926 3330 1040 3396 praeter
1058 3328 1081 3380 B
1099 3344 1180 3396 prae·

161 3399 231 3454 bent
250 3398 336 3454 verba
358 3399 407 3452 καὶ
431 3397 520 3453 ἀλλων
542 3407 627 3455 τινῶν
650 3400 700 3453 καλ
728 3399 730 3471 λ
759 3399 825 3452 οόδλ
843 3398 894 3468 την
914 3396 1060 3468 ἐλαχίστην
1078 3407 1180 3468 μοῖραν

162 3470 191 3536 ἐξ
216 3471 303 3540 αότῆς
328 3468 381 3540 ἔχω
403 3469 426 3522 Β
455 3469 520 3524 οόδό
545 3471 596 3542 τὴν
613 3471 668 3543 llll
686 3471 773 3538 αὐτῆς
798 3467 851 3540 ἔχω
874 3477 976 3538 μοῖραν
1000 3468 1028 3535 ἐξ
1052 3469 1138 3539 αότὴς
1156 3471 1182 3524 R
