2662 3920
575 239 609 246 -
646 211 661 261 Ι
697 239 731 246 -
1116 209 1159 274 27

140 357 226 418 ματα
252 333 336 419 μέγα
362 334 437 412 δέος
463 335 519 402 καί
545 335 675 419 πολλὴν
701 334 848 419 ταραχὴν
867 331 1035 417 Ῥωμαίοις
1057 355 1161 419 παρα-

141 443 271 528 σχόντα.
322 440 393 508 ἐπελ
422 444 487 528 γάρ
517 441 601 507 ἑάλω
631 442 672 509 τά
700 441 861 526 φρούρια,
890 450 1038 526 κραυγης
1064 442 1200 526 άφνω2

140 548 321 634 γενομένης
351 550 407 615 καλ
439 560 549 635 φυγῆς
579 558 648 614 τῶν
680 546 757 633 περὶ
793 546 941 624 ἐκείνους
977 548 1162 614 οἰκούντων

141 659 220 733 τοὺς
239 659 377 739 τόπους,
400 655 475 721 ὅσοι
493 657 537 740 μη
557 665 754 742 παραχρῆμα
772 653 976 740 ἐσφάγησαν,
1000 655 1162 740 ἀγνοοῦν-

140 787 194 840 τες
217 764 250 828 ολ
273 763 392 828 πολλοὶ
413 763 451 828 τὸ
477 763 591 828 δεινὸν
618 763 636 828 δ
664 785 697 826 τι
723 759 796 828 ποτ’
818 758 862 847 ην
889 762 1096 849 ἁρπάσαντες
1122 763 1163 828 τά
1194 783 1206 822 τ

142 871 228 936 ὅπλα
257 869 468 956 συνέτρεχον,
498 871 541 935 οῖ’
561 869 622 952 μὲν
652 868 707 936 ἐπὶ
734 871 774 934 τά
801 868 947 955 μετέωρα
974 871 1079 955 χωρία
1105 879 1163 954 της

141 979 282 1062 πόλεως,
311 979 344 1043 οί
371 973 402 1042 δ’
425 979 472 1054 είς
499 979 578 1053 τοὺς
601 975 893 1059 ἀναπεπταμένους
917 976 1018 1060 αὐτῆς
1040 977 1164 1053 τόπους

141 1087 287 1162 πολλοὺς
323 1085 457 1171 σφόδρα
492 1084 606 1166 ὄντας,
648 1085 681 1148 ολ
719 1079 750 1147 δ’
782 1084 830 1160 είς
865 1083 905 1148 τά
941 1085 1164 1169 παρακείμενα

141 1193 252 1257 πεδία·
283 1191 357 1258 ὅσοι
387 1188 418 1256 δ’
442 1193 571 1276 ἡλικίας
601 1188 638 1255 ἐν
667 1200 713 1278 τῷ
743 1192 970 1275 παρηκμακότι
995 1187 1082 1274 ἦσαν
1108 1191 1164 1255 καί

142 1300 252 1386 ῥώμης
279 1300 429 1382 σώματος
456 1296 494 1363 ἐν
520 1306 566 1384 τῷ
594 1296 763 1384 ἀδυνάτῳ,
790 1299 831 1363 τά
858 1297 935 1382 τέγη
958 1307 1026 1362 τῶν
1049 1299 1164 1363 οἰκιῶν
1182 1318 1208 1357 1⁰

141 1417 304 1492 κατεῖχον
323 1406 390 1488 ἅμα
419 1402 572 1488 γυναιξίν
602 1404 647 1481 ὡς
674 1404 739 1470 άπὸ
766 1405 895 1469 τούτων
922 1403 1164 1488 ἀγωνιούμενοι

142 1514 226 1598 πρὸς
252 1514 331 1589 τοὺς
359 1512 640 1594 εἰσεληλυθότας·Ὶ
660 1511 791 1576 ἅπαντα
819 1513 884 1596 γάρ
914 1512 1028 1588 αὐτοῖς
1057 1510 1165 1578 ἐδόκει

142 1621 244 1701 μεστά
272 1613 359 1684 εἶναι
386 1616 541 1699 πολέμου.
586 1617 710 1703 ἡμέρας
732 1619 771 1684 δὲ
793 1618 973 1704 γενομένης
995 1619 1040 1696 ὡς
1062 1617 1164 1703 ἐγνόν
1182 1617 1203 1681 3

143 1733 211 1810 σθη
243 1727 284 1790 τά
314 1723 539 1810 κεκρατημένα
570 1735 628 1810 τῆς
659 1727 786 1802 πόλεως
817 1727 964 1811 φρούρια
991 1727 1047 1792 καὶ
1074 1727 1165 1804 ὅστις

141 1829 185 1918 ἦν
212 1832 230 1898 ὁ
257 1832 404 1918 κατέχων
427 1832 511 1916 ἀνὴρ
534 1835 614 1909 τοὺς
635 1834 773 1916 τόπους,
802 1835 835 1898 ολ
856 1834 918 1916 μὲν
935 1833 1061 1905 ,ὕπατοι
1083 1854 1164 1920 προ·
1183 1851 1208 1892 1⁵

58 1942 299 2017 κοκιελθόντες
318 1941 366 2017 είς
388 1941 450 2024 την
473 1939 600 2024 άγορδιν
623 1937 765 2004 ἐκάλουν
787 1943 866 2017 τοὺς
888 1943 1024 2018 πολίτας
1047 1939 1102 2006 ἐπί
1124 1942 1164 2006 τά

142 2048 243 2131 ὅπλα,
270 2048 304 2112 ολ
331 2047 369 2112 δὲ
392 2047 554 2132 δήμαρχοι
576 2043 883 2129 προσκαλεσάμενοι
904 2049 964 2112 τὸν
987 2048 1094 2132 δῆμον
1117 2049 1164 2124 είς

142 2153 319 2238 ἐκκλησίαν
342 2151 469 2238 ἐλεγον,
497 2153 548 2218 ὅτι
574 2163 620 2241 τῷ
645 2153 707 2234 μέν
730 2154 937 2238 συμφέροντι
958 2164 1017 2238 τῆς
1038 2155 1164 2231 πόλεως

143 2261 245 2327 οὐδὲν
268 2259 398 2339 ἀξιοῦσι
421 2261 577 2346 πράττειν
600 2258 766 2344 ἐναντίον,
794 2260 925 2326 δίκαιον
952 2260 991 2325 δέ
1017 2260 1164 2342 ὑπολαμ

142 2367 306 2450 βάνουσιν
325 2360 412 2432 είναι
434 2371 632 2450 τηλικοῦτον
655 2365 768 2449 άγῶνα
790 2366 953 2450 μέλλοντα
975 2368 1035 2433 τὸν
1058 2368 1164 2452 δῆμον
1183 2387 1208 2426 ω

142 2473 323 2556 ὑπομένειν
355 2471 409 2539 ἐπλ
442 2474 553 2559 ῥητοίς
584 2489 652 2538 τισι
680 2473 738 2538 ’καί
770 2473 999 2559 διωρισμένοις
1036 2472 1090 2540 ἐπί
1126 2477 1163 2541 τὸ

142 2568 348 2663 κινδύνευμα
379 2590 508 2666 χωρείν.
565 2582 609 2645 El
640 2580 702 2662 μὲν
733 2575 807 2664 οὖν,
840 2577 970 2666 έφασαυ
1001 2580 1205 2667 λέγοντες,4

142 2689 387 2773 ὑπισχνοῦνταί
415 2711 451 2752 τε
481 2687 563 2770 ὑμίν
595 2688 628 2752 οἱ
655 2689 822 2772 πατρίκιοι
848 2687 904 2752 καλ
931 2690 1057 2766 πίστεις
1084 2689 1164 2772 βοό-

139 2802 257 2862 λονται
280 2795 400 2862 δοῦναι
422 2796 481 2870 τδις
503 2791 558 2859 ἐπὶ
582 2795 765 2878 θεῶν,’δτι
792 2795 1039 2872 καταλυθέντος
1064 2797 1163 2860 τοῦδε

142 2913 202 2968 τοῦ
226 2901 372 2985 πολέμου
391 2904 668 2987 συγχωρήσουσιν
685 2901 767 2984 ὑμίν
786 2899 957 2980 ἀποδείξαι
979 2901 1164 2985 νομοθέτας
1183 2919 1208 2960 ²⁶

143 3011 198 3075 καί
219 3012 280 3076 τὸν
303 3010 422 3075 λοιπὸν
441 3010 567 3094 χρόνον
585 3006 623 3074 ἐν
642 3009 796 3096 ἰσηγορία
814 3009 1060 3093 πολιτεύεσθαι,
1084 3024 1163 3074 συν-

143 3123 373 3203 ελευθερῶμεν
392 3116 506 3192 αὐτοῖς
525 3116 587 3200 την
610 3115 766 3201 πατρίδα·
790 3116 820 3180 εί
843 3115 881 3180 δέ
904 3115 1011 3181 οὐθέν
1034 3114 1163 3194 άξιοῦσι

216 3243 249 3293 10
275 3237 370 3310 ῥώμην
392 3238 418 3290 Α
495 3243 528 3290 12
555 3234 726 3306 ἐληλυθότας
748 3237 774 3290 A
852 3243 885 3290 14
911 3237 1046 3310 φρούρια]
1074 3235 1164 3308 χωρία

144 3313 236 3365 exstet
254 3311 285 3364 in
303 3311 346 3365 ed.
362 3308 528 3378 Kiesslingii
551 3325 623 3377 quae
646 3325 700 3362 vox
721 3307 797 3362 unde
819 3309 881 3362 orte
900 3309 1012 3362 sitnon
1031 3312 1163 3378 appeten

144 3383 250 3451 recepit
268 3381 342 3436 Prou
360 3380 543 3450 neglegenter
559 3381 593 3434 ut
612 3379 691 3434 solet.
711 3378 840 3450 ἐγνώσθη
859 3377 1052 3449 κεκρατημένα
1067 3379 1103 3434 τὰ
1115 3388 1164 3450 της

143 3449 437 3593 χέλξῖχνοῇῑιτῖωέ
456 3451 516 3506 Em.
536 3450 575 3504 111
594 3456 628 3550 λθ
701 3455 735 3503 23
757 3452 823 3519 ἐμίν
842 3449 867 3548 0Ι
888 3450 955 3548 ἡμῖν
979 3468 1001 3506 ο.
1021 3450 1164 3521 Kiessling
