2654 3916
585 232 619 240 -
656 203 702 255 w
739 233 773 240 -
1125 203 1190 268 309

169 331 376 412 ποιήσασθαι
399 329 569 413 <εἰρηνην,
591 327 717 412 ταύτην
739 331 901 412 ποιησας>
926 329 1043 412 μόνος,
1066 325 1117 393 ἐπ’
1135 327 1192 393 οῦ-

168 435 248 501 θενί
270 443 329 520 τῆς
350 437 477 512 πόλεως
500 434 630 523 ἀγαθώ·
654 437 764 502 πόθεν
787 435 865 520 γάρ;
890 433 963 500 ἀλλ’
980 435 1036 500 ἰνα
1058 435 1192 521 προδῷς
1210 435 1230 498 2

170 542 275 627 αὐτὴν
304 553 349 629 τῷ
380 545 523 626 βασιλεῖ,
552 542 608 606 καί
638 542 695 608 διδ
724 551 787 609 σοῦ
816 542 878 625 μὲν
906 540 1032 620 ἐκεῖνος
1059 542 1191 608 ἅπασαν

166 646 309 715 Ἰταλίαν
340 647 400 734 ὑφ’
426 649 516 736 αὑτῷ
548 651 740 734 ποιήσηται,
772 648 815 715 δι’
840 647 970 716 ἐκείνου
999 649 1037 716 δέ
1064 651 1106 715 σὺ
1133 659 1192 733 τῆς

169 756 328 841 πατρίδος
355 755 463 847 άφέλη
489 758 551 842 τὴν
574 754 780 842 ἐλευθερίαν.
825 766 924 823 τοῦτο
953 757 1016 842 γάρ
1042 754 1144 840 ἐστιν,
1172 755 1190 820 ὃ
1223 775 1235 816 ι

170 863 350 928 διώκουσιν
383 863 525 941 ἅπαντες
557 864 590 929 οἰ
620 865 664 948 μη
700 865 763 948 τὴν
794 863 973 948 ἀληθινήν,
1009 864 1094 929 ἀλλὰ
1129 864 1191 948 την

169 971 395 1055 προσποιητόν
427 969 701 1055 ἐπιτηδεύσαντες
732 970 864 1056 ἀρετήν,
897 971 977 1037 ὅταν
1009 971 1057 1048 εἰς
1089 970 1191 1054 όγκον

168 1077 223 1142 καί
250 1077 393 1162 μέγεθος
419 1077 621 1162 πραγμάτων
649 1076 870 1163 προέλθωσιν,
921 1075 995 1164 (21)
1024 1078 1054 1143 εἰ
1084 1076 1122 1143 δέ
1149 1076 1230 1162 δηὸ

168 1184 211 1267 μη
235 1185 272 1248 τὸ
296 1185 524 1270 πρεσβύτερον
547 1182 632 1271 ἔχων
655 1183 795 1269 ἀξίωμα,
822 1184 906 1268 μηδὲ
929 1185 1018 1271 παρὰ
1040 1194 1108 1250 τῶν
1131 1205 1191 1249 πο·

168 1292 291 1373 λεμίων
308 1299 366 1375 τῆς
386 1292 555 1376 πατρίδος,
578 1291 654 1377 μηδ’
672 1291 727 1358 ἐπί
749 1292 914 1378 προδοσίᾳ
936 1291 991 1356 καί
1014 1291 1191 1375 τυραννίδι
1209 1313 1235 1351 ιο

167 1407 236 1462 τῶν
265 1407 407 1464 σεαυτοῦ
439 1403 586 1464 πολιτῶν
615 1397 846 1485 ἐδωροδόκεις,
879 1398 952 1464 ἀλλ’
978 1397 1111 1482 ἰδιώτης
1142 1397 1190 1462 ών

167 1505 222 1570 καί
252 1507 331 1590 παρ’
355 1505 478 1589 ἀνδρὸς
507 1504 681 1590 συμμάχου
710 1506 766 1571 καί
796 1503 847 1571 ἐπ’
871 1503 986 1570 οὐδενί
1012 1513 1102 1592 κακῷ
1132 1512 1191 1588 τῆς

167 1613 304 1697 πόλεως,
327 1607 380 1699 ἆρ’
398 1612 439 1677 οὐ
463 1608 507 1676 δι’
526 1609 637 1677 ἐκεῖνα
658 1621 716 1696 τῆς
738 1613 882 1698 μεγάλης
904 1609 994 1690 ἰίξιος
1017 1605 1049 1677 εἰ
1066 1612 1190 1695 ζημίας,

167 1717 218 1783 ότι
246 1718 456 1803 διαφθείρεις
482 1719 544 1802 μὲν
570 1722 650 1797 τοὺς
676 1719 775 1797 νέους
802 1719 950 1786 πλούτου
977 1719 1032 1784 καί
1060 1727 1190 1804 τρυφῆς

166 1825 222 1890 καί
249 1829 463 1904 πολυτελείας
489 1830 662 1912 βασιλικῆς
689 1831 788 1913 ζῆλον
818 1828 866 1903 εἰς
893 1827 973 1903 τοὺς
999 1828 1096 1909 βίους
1123 1827 1190 1891 εἰσ·
1208 1845 1234 1886 ιι

167 1932 269 2017 άγων,
292 1925 343 2010 οἰς
365 1939 490 2019 πολλῆς
512 1935 565 2000 δεῖ
588 1935 824 2021 σωφροσύνης,
848 1934 878 1997 εἰ
904 1932 1016 2014 μέλλει
1039 1936 1189 2016 σωθήσε-

167 2045 249 2105 σθαι
275 2041 317 2105 τδι
343 2041 452 2106 κοινά·
479 2042 710 2125 καταισχύνεις
737 2040 775 2105 δὲ
799 2041 878 2115 τοὺς
901 2047 1043 2104 σεαυτοῦ
1066 2039 1229 2123 προγό-4

166 2169 262 2228 νους,
290 2141 338 2211 ὧν
365 2147 482 2224 οὐθείς
509 2145 603 2230 ἐξέβη
631 2149 710 2223 τοὺς
736 2147 897 2231 πατρίους
925 2143 1086 2227 ἐθισμοὺς
1111 2143 1185 2210 οὐδ’

165 2250 326 2333 ἠλλάξατο
359 2258 506 2318 πλοῦτον
538 2253 677 2336 αἰσχρὸν
709 2250 784 2317 άντί
816 2254 932 2329 πενίας
963 2256 1079 2336 καλῆς,
1112 2247 1184 2317 ἀλλ’

166 2357 309 2434 ἅπαντες
331 2356 382 2424 ἐπ’
400 2357 502 2443 αὐτῆς
529 2355 663 2441 ἔμειναν
685 2368 743 2444 της
770 2368 888 2446 μικρᾶς
916 2359 1046 2442 οὐσίας,
1073 2359 1117 2442 ἣν
1144 2361 1187 2424 σὺ
1206 2379 1233 2420 ιο

166 2465 369 2550 παραλαβὼν
402 2463 562 2532 ἐλάττονα
597 2465 617 2550 ἢ
654 2468 737 2532 κατὰ
773 2468 915 2532 σεαυτὸν
949 2467 1075 2551 ἡγήσω·
1113 2463 1227 2554 (22)5

166 2571 376 2658 διαφθείρεις
403 2573 441 2638 δὲ
468 2573 530 2658 την
557 2571 593 2640 ἐκ
622 2583 690 2640 τών
717 2573 889 2660 προτέρων
919 2572 1188 2658 ἐπιτηδευμάτων

166 2678 350 2764 γενομένην
380 2694 434 2746 σοι
464 2678 576 2764 δόξαν,
609 2680 653 2757 ὡς
682 2678 841 2766 ἐγκρατὴς
870 2681 926 2747 καί
956 2682 1102 2766 σώφρων
1131 2681 1187 2746 καί

165 2786 272 2871 πάσης
303 2788 440 2872 αἰσχρᾶς
469 2785 650 2869 ἐπιθυμίας
676 2789 849 2874 κρείττους
882 2784 993 2854 ἔπειτα
1020 2791 1187 2874 χαιρήσεις

165 2894 265 2969 κακὸς
292 2891 325 2972 ἐξ
354 2891 487 2978 ἀγαθοῦ
515 2895 709 2978 γενόμενος,
737 2892 784 2960 ὅτ’
802 2891 870 2959 ἔδει
896 2911 947 2978 σε,
974 2894 1030 2959 καί
1053 2895 1083 2959 εἰ
1105 2895 1186 2980 πρό·
1205 2914 1231 2954 ιι

165 3021 263 3084 τερον
286 3001 433 3087 πονηρὸς
454 2996 560 3084 ἦσθα,
587 3007 795 3081 πεπαῦσθαι;
814 3000 842 3086 ἢ
871 3011 938 3066 τῶν
960 3005 1072 3066 καλών
1095 3023 1186 3078 τινος

238 3179 252 3228 1
271 3175 448 3244 ποιήσασθαι
465 3171 550 3246 μόνος
563 3174 659 3231 Ambr.
678 3175 855 3246 ποιήσασθαι
872 3176 986 3245 εἰρήνην
1004 3177 1109 3245 ταύτην
1124 3196 1186 3231 ποι-

165 3244 234 3314 ήσας
256 3242 342 3314 μόνος
362 3247 461 3301 Struve
484 3246 519 3300 of.
541 3247 599 3302 iud.
620 3247 676 3301 litt.
699 3247 731 3301 in
753 3247 885 3304 Zamckii
907 3247 1037 3303 Litterar.
1058 3247 1185 3302 Univers.

166 3321 244 3380 18⁷0,
254 3320 306 3370 893
353 3325 368 3372 9
383 3318 569 3390 πρεσβύτερον
582 3317 679 3373 Ambr.
692 3315 892 3390 πρεσβευτικδν
906 3335 928 3372 ο.
940 3319 1039 3374 Struve
1090 3325 1123 3372 13
1136 3327 1186 3388 τῆς
1314 3331 1315 3364 ἐ

164 3386 426 3456 μεγάλης-τέῦμίαε
438 3389 534 3444 Ambr.
548 3397 597 3460 της
610 3387 804 3460 μεγίστης-ζ.
817 3407 840 3445 ο.
851 3390 962 3458 θίπιτος
978 3407 1015 3444 ου
1028 3397 1077 3461 της
1091 3390 1186 3445 dolen·
1314 3389 1315 3418 ³

165 3457 233 3510 dum
247 3460 308 3512 εελῖ
