2656 3932
570 227 603 236 -
641 199 682 251 ΙΑ
719 225 752 236 -
1106 197 1170 262 119

151 321 185 402 ἐξ
209 317 262 388 ὧν·
280 319 322 388 ἀν
346 322 533 389 ἀκούσωσιν
557 317 664 406 οὗτοι,
692 324 815 408 πότερα
841 317 934 388 ταῦτ’
956 319 1047 388 έστλν
1066 320 1171 406 ἀναγ-

150 431 304 515 καιότερα
321 439 392 508 τοίς
409 440 549 514 κοινοῖς,
570 429 655 516 ὑπὲρ
674 423 722 496 ὧν
739 429 834 512 ὑμεῖς
852 429 974 506 αὐτούς
992 432 1171 513 συγκεκλη-

149 560 242 622 κατε,
269 536 298 621 ἢ
318 539 359 602 τὰ
385 533 442 602 ὑπ’
465 535 546 619 ἐμοῦ
575 538 811 622 λεχθησόμενα.
858 536 942 602 ἀλλά
968 539 1012 620 μη
1039 535 1072 618 μ’
1091 537 1171 601 ἀπο-

151 643 259 730 στέρει
282 646 384 730 λόγου
407 639 594 728 βουλευτὴν
616 643 698 708 ὄντα
724 643 780 709 καί
806 642 991 730 Οὐαλέριον
1013 643 1068 708 καλ
1095 643 1171 729 περί

151 744 314 838 σωτηρίας
335 757 394 836 τῆς
417 753 543 828 πόλεως
566 749 675 834 λέγειν
697 752 913 834 βουλόμενον.
959 748 1018 815 έάν
1041 749 1079 815 δέ
1107 774 1171 835 φυ-
1203 772 1215 812 ι

151 854 268 949 λύττης
292 859 354 942 τὴν
377 861 510 942 συνήθη
538 859 621 943 πρὸς
649 857 796 935 ἅπαντας
823 857 1020 941 αὐθάδειαν,
1048 857 1171 943 δημάρ·

149 987 230 1050 γους
248 963 309 1048 μέν
328 965 447 1043 ποίους
465 963 711 1048 έπικαλέσομαι;
733 963 950 1030 καταλέλυται
972 966 1037 1050 γὰρ
1059 965 1080 1048 ἡ
1103 975 1170 1030 τῶν

149 1071 418 1157 κατισχυομένων
453 1077 600 1138 πολιτῶν
636 1073 778 1156 βοήθεια
814 1069 874 1156 ὑφ’
906 1070 1009 1154 ὑμῶν.
1063 1073 1208 1136 καίτοιί

149 1181 241 1256 τίνος
269 1176 407 1245 έλαττον
436 1189 535 1245 τοῦτο
564 1173 693 1262 κακόν,
711 1178 765 1244 ὅτε
797 1177 979 1263 Οὐαλέριος
1009 1179 1057 1244 έον
1087 1178 1171 1264 [Πο-

149 1286 251 1371 τίτος]
280 1283 324 1362 ὡς
351 1278 399 1363 είς
425 1297 493 1352 τῶν
521 1284 702 1370 ἐλαχίστων
729 1285 792 1351 οὐκ
817 1281 880 1370 έχω
908 1286 946 1352 τὸ
974 1285 1060 1370 ίσον,
1088 1285 1171 1352 ἀλλά
1199 1309 1224 1349 ιο

66 1407 139 1458 2168
149 1393 352 1478 δημαρχικῆς
384 1391 535 1470 ἐξουσίας
567 1391 696 1475 ἃέομαις
733 1392 773 1457 ού
805 1393 872 1476 μὴν
905 1388 977 1457 ἀλλ’
1005 1391 1076 1458 έπελ
1112 1400 1171 1478 τῆς

149 1499 252 1584 ἀρχῆς
283 1497 411 1584 ἐκείνης
442 1498 757 1585 ἀπεστερημεθα,“
739 1507 825 1582 υμᾶς
855 1500 935 1576 τοὺς
966 1499 1033 1582 ἅμα
1064 1501 1170 1590 τούτῳ

149 1607 394 1690 παρειληφότας
420 1605 476 1671 καὶ
498 1603 710 1690 τηνέκεωίνης
733 1603 888 1684 ἐξουσίαν
911 1616 968 1691 τῆς
992 1607 1094 1693 ἀρχῆς
1115 1609 1171 1674 καί

150 1712 415 1790 δυναστεύοντας
446 1721 503 1796 της
535 1714 662 1790 πόλεως
693 1712 840 1790 ἅπαντας
870 1717 959 1778 καλῶ
993 1713 1076 1800 [καλ]
1109 1715 1171 1780 οὐκ

150 1818 282 1903 ἀγνοῶν
308 1817 380 1904 μέν,
410 1819 461 1885 ὅτι
491 1820 546 1885 ῦιά
573 1828 671 1905 κενῆς
698 1827 796 1885 τοῦτο
823 1830 924 1903 ποιῶ,
955 1823 1106 1908 φανερὰν
1133 1822 1171 1888 δὲ
1189 1841 1214 1882 ιι

148 1927 353 2009 βουλόμενος
379 1935 461 1992 πᾶσι
482 1925 643 2011 γενέσθαι
665 1927 726 2010 την
750 1929 963 2009 συνωμοσίαν
986 1927 1091 2012 ὑμῶν,
1119 1930 1170 1994 ὅτι

149 2034 371 2118 συγκεχύκατε
396 2035 438 2098 τὰ
460 2043 518 2118 τῆς
540 2035 666 2110 πόλεως
689 2033 744 2098 καί
766 2035 847 2116 μίαν
870 2031 1011 2110 ἀπαντες
1033 2036 1170 2120 γνώμην

148 2125 248 2226 έγετε·
272 2139 456 2223 μᾶλλονδὲ
478 2139 516 2205 σὲ
538 2142 644 2222 μόνον
667 2138 899 2222 ἐπικαλοῦμαι,
921 2141 1044 2205 Κόιντε
1066 2140 1170 2224 Φάβιε

152 2245 352 2329 Οὐιβολανέ,
371 2247 431 2311 τὸν
451 2244 506 2312 ἐπὶ
524 2256 595 2323 ταῖς
613 2246 723 2331 τρισίν
740 2245 912 2322 ὑπατείαις
929 2247 1170 2333 κοσμούμενον,

149 2354 226 2418 εί
197 2375 257 2418 τον
275 2353 379 2418 αὐτὸν
396 2361 482 2418 νοῦν
500 2349 548 2417 έτι
569 2349 661 2437 έχεις.
699 2349 770 2418 ἀλλ’
789 2352 848 2418 ἀνί
833 2354 948 2418 ίστασο
971 2353 1028 2420 καί
1049 2357 1170 2440 βοήθει
1188 2376 1214 2416 εο

97 2497 98 2502 1
148 2469 218 2536 τοίς
250 2458 534 2543 κατισχυομένοις·
574 2460 621 2536 είς
651 2459 689 2525 σὲ
715 2460 779 2546 γὰρ
808 2458 989 2570 ἀποβλέπει
1019 2463 1057 2526 τὸ
1090 2478 1170 2528 συν

150 2565 270 2652 έάμιον.
386 2591 389 2596 ·

220 2813 305 2866 4καλ
326 2809 435 2880 Ούαλέρ
437 2831 481 2866 ιον
505 2811 559 2866 del.
580 2811 681 2868 (λεῖπεν
700 2812 803 2881 Obsp
806 2819 861 2868 .65
883 2812 971 2868 Cobet
989 2813 1093 2882 Ob3.p
1096 2819 1169 2868 503

150 2880 286 2955 θαακὸν]
311 2892 401 2938 κακοῦ
420 2883 449 2937 Μ
477 2883 480 2956 ί
509 2881 554 2938 ὅτε
574 2883 596 2938 O
620 2881 664 2938 ὅτι
682 2883 804 2954 Sylburg
833 2884 836 2958 ί
864 2888 985 2948 Ποτῖτος
1008 2884 1062 2940 dol.
1082 2884 1170 2940 Cobet

151 2953 258 3023 Obs.p
261 2959 339 3008 ,203
417 2961 449 3009 11
477 2955 510 3010 ού
535 2954 590 3024 μὴν
617 2952 676 3009 ἀλλ’
700 2953 809 3026 έπείγε
817 2973 840 3010 ο
861 2956 985 3010 Βεούίεε
1006 2955 1063 3010 Tir.
1086 2973 1114 3025 p.
1135 2963 1169 3011 65

151 3031 184 3078 1³
202 3025 253 3094 τὴν
273 3024 336 3094 ίσην
355 3023 453 3098 ἐκείνῳ
472 3024 601 3092 ἐξουσίαν
621 3043 643 3081 ο.
658 2976 776 3081 Reiskey
825 3033 859 3081 14
873 3027 921 3081 καλ
936 3027 990 3082 del.
1001 3026 1089 3082 Cobet
1103 3026 1168 3082 Oba.

149 3114 176 3164 p.
192 3101 243 3150 203
318 3097 389 3150 1ῦά
390 3079 463 3166 γνύῶ
483 3097 505 3153 Ο
528 3098 639 3168 ἀγνοῶν
658 3097 782 3153 Cobetl
798 3097 817 3152 l.
892 3103 924 3152 19
944 3097 991 3152 ἐπί
1009 3098 1063 3153 del.
1083 3098 1169 3154 stulte

150 3167 252 3222 (λεπτος
274 3167 339 3224 obs.
364 3185 391 3236 p.
390 3119 443 3224 y65
474 3168 477 3238 λ
507 3169 740 3238 κοσμούμενονΟ
765 3167 972 3239 κεκοσμημένον
997 3169 1135 3224 Garrerl.
1149 3170 1168 3224 l.

149 3239 1026 3400 33533’525..S5155.{ffssssspssssifffippffzffifflss
1028 3246 1169 3367 ιέίιῖύὲ

148 3378 198 3436 τὸν
218 3379 263 3434 ίπλ
281 3381 371 3449 τρισίν
389 3380 536 3446 ὑπατείαις
553 3383 743 3452 κοσμούμενον
757 3383 886 3438 hocloco
900 3380 1018 3452 κύσμον;
1037 3386 1080 3439 est
1094 3383 1168 3438 enim

149 3453 195 3524 fig
215 3454 301 3521 etym
