2662 3920
153 202 196 267 38
583 229 617 238 -
654 203 669 254 Ι
704 229 739 238 -

152 325 213 392 ἐὰν
241 325 283 392 δέ
306 347 395 402 τινες
421 323 655 408 ἀπολειφθῶσι
680 331 739 409 τῆς
766 326 938 409 στρατείας
960 321 1127 405 Ῥωμαίων
1153 323 1174 407 ἢ

112 437 220 500 6τῶν
242 431 435 516 συμμάχων,
462 431 507 509 δις
533 433 704 514 πολεμίοις
730 431 845 508 αὐτοῖς
866 437 1022 516 χρῆσθαι.
1068 429 1268 508 είξάν-εοεο

152 565 221 606 των
252 540 290 605 δὲ
320 540 377 606 καλ
408 549 476 604 τῶν
507 538 687 623 δημάρχων
717 537 992 622 καταγράψαντες
1023 540 1102 614 τοὺς
1137 535 1177 602 ἐν

151 649 264 734 ἡλικίη
286 646 413 723 πάντας
434 647 468 710 ολ
489 645 612 710 ὕπατοι
633 645 689 710 καί
711 647 769 722 τάς
792 646 881 729 παρὰ
903 655 972 709 τῶν
994 644 1176 728 συμμάχων

122 777 135 818 ι
153 754 311 836 δυνάμεις
337 751 626 836 μεταπεμψάμενοι
652 754 735 816 κατὰ
758 751 911 836 σπουδὴν
933 749 1072 841 ἐξῄεσαν
1093 751 1176 816 ὑπο·

153 863 326 943 λιπόμευοι
354 860 509 944 φυλακὴν
536 867 576 944 τῇ
604 861 700 924 πόλει
726 861 842 944 τρίτην
868 867 991 943 μοῖραν
1020 864 1079 942 τῆς
1106 855 1176 922 ἐκι-

152 971 277 1054 χυρίου
307 975 470 1054 στρατιᾶς.
526 966 652 1048 Φάβιος
680 966 742 1048 μὲν
772 960 835 1031 οὖν
864 963 920 1030 ἐπὶ
947 967 1027 1042 τοὺς
1059 962 1098 1030 ἐν
1129 976 1175 1050 τῷ

158 1074 360 1141 Τυσκλάνων
395 1074 495 1151 ὄντας
525 1075 697 1150 Αἰκανοὺς
731 1075 793 1157 τὴν
829 1073 988 1158 στρατιὰν
1023 1068 1083 1156 ἦγε
1120 1073 1176 1137 διὰ

115 1183 281 1268 Ἰτάχους.
335 1192 404 1246 τῶν
435 1180 466 1246 δ’
492 1182 526 1246 οἱ
556 1181 619 1263 μὲν
650 1183 786 1258 πλείους
819 1179 1076 1264 ἀπεληλύθεσαν
1111 1180 1175 1262 ἤδη

109 1312 135 1351 ιο
153 1290 370 1375 διηρπακότες
392 1287 455 1373 τἠυ
476 1289 586 1372 πόλιν,
614 1287 723 1372 ὀλίγοι
750 1287 791 1354 δέ
810 1310 899 1364 τινες
920 1287 1088 1370 ὑπέμενον
1111 1310 1176 1371 φυ-

153 1397 327 1474 λάττοντες
355 1397 418 1481 τὴν
447 1396 566 1480 ἀκραν·
596 1392 667 1460 ἔστι
695 1395 734 1460 δὲ
761 1394 895 1480 σφόδρα
921 1391 1024 1479 ἐχυρὰ
1051 1393 1107 1458 καί
1134 1393 1174 1458 οὐ

153 1509 278 1588 πολλῆς
304 1502 445 1587 δεομένη
473 1507 632 1587 φυλακῆς.
682 1503 771 1580 τινὲς
797 1501 860 1584 μὲν
889 1494 954 1565 οὖν
984 1517 1068 1585 φασι
1095 1503 1174 1576 τοὺς

153 1612 326 1695 φρουροὺς
352 1616 412 1694 τῆς
438 1611 542 1696 ἀκρας
570 1609 703 1684 ἰδόντας
730 1606 885 1686 ἐξιοῦσαν
913 1605 950 1673 ἐκ
976 1614 1035 1692 τῆς
1054 1605 1175 1691 Ῥώμης

154 1717 215 1800 τὴν
237 1716 395 1802 στρατιάν
413 1753 458 1763 -
476 1716 666 1782 εὐσύνοπτα
688 1714 752 1800 γάρ
775 1713 867 1780 ἐστιν
890 1713 926 1780 ἐκ
949 1715 1116 1799 μετεώρου
1135 1715 1175 1778 τὰ

109 1843 135 1884 ιε
153 1821 274 1906 μεταξὺ
297 1825 402 1908 χωρία
420 1822 528 1888 πάντα
545 1859 590 1870 -·
608 1821 744 1898 ἑκόντας
762 1819 923 1905 ἐξελθεῖν,
943 1821 1049 1906 ἕτεροι
1068 1821 1106 1886 δὲ
1124 1818 1175 1886 ἐκ·

153 1928 439 2014 πολιορκηδέυτας
456 1929 522 1995 ὑπὸ
541 1937 601 1995 τοῦ
624 1930 754 2012 Φαβίου
772 1927 850 1994 καθ’
868 1928 1049 2012 ὁμολογίαν
1072 1949 1176 2013 παρα·

153 2038 274 2104 δοῦναι
291 2037 329 2103 τὸ
349 2037 527 2122 φρούριον,
548 2045 620 2112 τοῖς
638 2036 787 2118 σώμασιν
811 2035 924 2113 αὐτοῖς
946 2036 1063 2101 ἀδειαν
1086 2037 1176 2120 αἰτη-

154 2144 318 2228 σαμένους
340 2144 396 2210 καλ
419 2145 520 2228 ζυγὸν
542 2141 759 2219 ὑποστάντας.

224 2251 311 2318 XXL
344 2248 506 2328 Ἀποδοὺς
543 2250 581 2315 δὲ
618 2259 692 2328 τοῖς
729 2249 933 2326 Τυσκλάνοις
975 2251 1036 2334 τὴν
1076 2251 1176 2315 πόλιν
1185 2266 1257 2315 2041

109 2379 136 2419 το
158 2359 282 2442 Φάβιος
318 2359 395 2444 περὶ
431 2359 546 2442 δείλην
583 2358 685 2437 ὀψίαν
721 2353 875 2440 ἀνίστησι
910 2357 972 2441 τὴν
1009 2357 1175 2444 στρατιάν.

154 2466 208 2530 καλ
245 2465 290 2541 ὡς
326 2459 392 2550 εἶχε
428 2465 549 2550 τάχους
583 2467 731 2549 ἤλαυνεν
771 2461 826 2529 ἐπὶ
867 2466 946 2540 τοὺς
986 2467 1175 2547 πολεμίους,

155 2571 287 2637 ἀκούων
305 2572 382 2656 περὶ
402 2573 501 2636 πόλιν
520 2569 675 2654 Ἀλγιδὸν
694 2570 822 2656 ἀθρόας
846 2564 932 2635 εἶναι
954 2570 1012 2647 τάς
1034 2592 1069 2634 τε
1091 2570 1176 2636 Οὐο

155 2679 307 2744 λούσκων
335 2678 389 2744 καλ
416 2679 474 2755 τὰς
496 2679 655 2743 Αἰκανῶν
679 2677 845 2759 δυνάμεις.
890 2675 1112 2761 ποιησάμενος
1139 2677 1176 2742 δὲ

155 2783 200 2852 δι’
223 2786 301 2870 ὅλης
326 2785 447 2861 νυκτὸς
469 2785 636 2850 σύντονον
658 2784 740 2850 ὁδὸν
763 2782 819 2849 ὑπ’
838 2785 942 2850 αὐτὸν
964 2786 1023 2849 τὸν
1046 2785 1176 2869 ὄρθρον

110 2914 136 2954 ει
155 2893 365 2979 ἐπιφαίνεται
393 2902 464 2970 τοῖς
490 2893 660 2974 πολεμίοις
686 2889 1026 2978 ἐστρατοπεδευκόσιν
1053 2889 1091 2955 ἐν
1120 2912 1176 2956 πε-

228 3077 242 3124 1
263 3076 393 3137 στρατιᾶς
406 3068 483 3122 ΑΒυ
538 3073 554 3122 5
573 3064 773 3136 ὑπολιπόμενοι
786 3068 833 3122 Ba
852 3067 887 3121 cf.
903 3066 990 3122 Cobet
1005 3065 1070 3121 obs
1085 3083 1112 3135 p.
1125 3071 1175 3120 192

154 3138 369 3210 ὑπολειπόμενοι
387 3141 413 3194 R
489 3139 611 3209 δέπιγώ
590 3159 664 3207 ωρου
684 3140 729 3193 Ba
806 3145 822 3194 8
845 3137 989 3210 τυσκλάνῳ
1009 3138 1062 3191 ΑΒ
1088 3137 1119 3192 ἐν
1141 3142 1179 3210 τῷ

154 3229 222 3268 τυσκ
224 3211 316 3267 λάτον
334 3212 379 3266 vel
397 3211 428 3266 ἐν
446 3216 484 3285 τῷ
498 3212 604 3284 τόσκλῳ
628 3228 651 3265 α.
672 3210 794 3280 Sylburg
866 3217 881 3264 9
906 3209 954 3264 διὰ
973 3192 1144 3280 τάχουςα
1096 3208 1176 3262 ἐλα-

155 3305 213 3339 τωυ
238 3283 261 3338 Ο
287 3286 400 3352 praeter
425 3267 473 3336 B
527 3288 561 3337 18
587 3286 651 3351 post
677 3282 726 3336 καὶ
753 3285 811 3335 tres
836 3281 983 3336 litterae
975 3299 1005 3334 m
1031 3281 1053 3334 Β
1079 3296 1176 3334 erasae

157 3361 190 3410 22
210 3302 325 3424 ἀλγιδδν
342 3355 388 3408 Ba
406 3351 549 3425 ἀλγηδόνα
564 3353 640 3408 ABb
659 3353 774 3422 όλγιδον
793 3352 916 3422 Sylburg
989 3357 1023 3404 λδ
1041 3351 1092 3413 τὰς
1110 3352 1175 3405 εδδ.

156 3427 179 3480 Β
225 3427 387 3481 αίκουανῶν
406 3429 435 3480 et
452 3427 506 3480 hoc
525 3428 554 3479 et
573 3425 673 3479 ceteris
691 3424 761 3477 locis
775 3423 821 3477 Ba
840 3423 948 3478 αίκανῶ
927 3443 966 3478 αν
980 3422 1006 3475 R
1063 3429 1097 3476 25
1117 3421 1176 3476 ἐπι-

157 3427 226 3571 φάα
228 3495 344 3571 ί>νεται
362 3497 408 3551 Ba
427 3497 462 3551 cf.
483 3496 585 3550 (ἔειπες
603 3495 668 3548 Obs.
688 3513 715 3562 p.
731 3499 765 3547 60
