2656 3932
601 223 757 273 -Ι-
1144 221 1186 290 85

166 345 281 410 δεινοῦ
300 343 559 431 ἐκταραχθέντες
576 346 632 411 καί
651 343 691 412 οὐ
711 347 892 424 τοσούτους
913 341 999 414 είναι
1022 344 1187 433 δόξαντες,

166 449 251 518 ἀλλά
277 453 337 518 τὸν
365 437 479 538 ἕτερον
505 453 599 538 ἥκειν
626 452 755 520 ίίπατον
778 455 903 539 ἀχοντα
924 455 987 539 τὴν
1009 457 1074 520 σὺν
1097 451 1185 542 αὐτῷ

165 559 320 644 δύναμιν,
344 557 524 646 ἐρρίπτουν
542 557 603 638 ἔξω
624 569 684 627 τοῦ
703 560 845 648 χάρακος
868 559 1020 646 ἑαυτούς,
1044 561 1124 628 οὐδὲ
1145 565 1187 628 τά

165 667 251 733 ὅπλα
279 667 312 732 ολ
338 667 458 732 πολλοὶ
486 665 700 752 φυλάξαντες.
747 669 779 734 οί
804 668 842 733 δὲ
865 668 941 754 περὶ
963 669 1023 734 τὸν
1046 671 1186 736 Σίκκιον

163 777 243 852 τοὺς
273 773 629 858 καταλαμβανομένους
662 774 773 841 αὐτῶν
806 776 1007 861 φονεύοντες
1038 776 1094 842 καί
1125 785 1185 843 τοῦ
1218 799 1230 839 ι

163 881 306 968 χάρακος
333 884 556 968 κρατήσαντες
582 879 732 968 ἐχώρουν
754 881 809 948 ἐπί
836 886 915 961 τοὺς
942 881 980 949 ἐν
1002 893 1047 970 τῷ
1073 884 1184 972 πεδίῳ.

164 990 196 1055 οί
226 989 264 1054 δέ
290 989 435 1054 Αἰκανοί
464 997 525 1054 τοῦ
554 988 697 1074 χάρακος
725 991 787 1076 την
817 989 942 1055 ἅλωσιν
971 987 1036 1056 ἀπό
1066 1013 1101 1056 τε
1128 991 1224 1076 τηςό
1280 1006 1283 1012 ’

164 1105 274 1181 φυγῆς
296 1097 352 1162 καί
374 1105 432 1182 τῆς
454 1105 601 1182 κραυγῆς
625 1106 691 1162 τῶν
714 1095 886 1183 σφετέρων
908 1097 1106 1180 αἰσθόμενοι
1130 1098 1185 1164 καί

162 1202 231 1286 μετ’
253 1203 293 1269 οό
321 1205 407 1269 πολὺ
435 1205 517 1269 κατά
544 1202 654 1268 νώτου
682 1205 779 1287 σφίσι
805 1206 884 1281 τοὺς
910 1206 1089 1286 πολεμίους
1116 1203 1186 1270 ἐπι-

163 1311 261 1388 όντας
293 1309 451 1396 ὁρῶντες,
489 1308 599 1375 οὐκέτι
635 1319 793 1393 γενναίου
825 1310 927 1376 οὐδὲν
961 1309 1185 1396 ἀπεδείξαντο,
1203 1333 1229 1373 ιο

81 1433 152 1482 211⁶
163 1416 246 1483 ἀλλά
276 1417 517 1493 διασπάσαντες
548 1416 606 1493 τάς
635 1413 741 1494 τάξεις
770 1413 892 1504 ἐσφζον
921 1415 1060 1496 ἑαυτοὺς
1090 1420 1185 1485 ἀλλοι

162 1523 232 1589 κατ’
264 1525 365 1602 άλλας
402 1523 515 1601 όδοός·
553 1519 639 1588 ἔνθα
675 1522 693 1588 ό
728 1529 881 1602 πλεῖστος
914 1523 1025 1590 αὐτῶν
1056 1523 1184 1610 ἐγίνετο

164 1633 276 1714 φόνος.
314 1631 354 1696 οὐ
374 1631 437 1717 γάρ
461 1629 599 1696 ἀνίεσαν
622 1630 655 1695 οί
674 1627 825 1713 Ῥωμαίοι
847 1629 942 1717 μέχρι
964 1632 1086 1710 νυκτὸς
1108 1632 1184 1698 διιό-

162 1736 277 1816 κοντές
304 1760 339 1802 τε
366 1737 422 1803 καί
448 1739 634 1814 κτείνοντες
659 1739 789 1817 <τοὺς>
814 1737 1058 1822 ἁλισκομένους.
1105 1738 1222 1806 ὁδέλ

162 1845 338 1922 πλείστους
365 1841 393 1909 τ’
417 1845 528 1910 αὐτῶν
556 1845 758 1931 διαφθείρας
784 1845 840 1911 καί
867 1848 1078 1932 λαμπρότατα
1104 1843 1185 1932 ἐργα
1202 1867 1227 1908 ιι

162 1949 417 2034 ἀποδειξάμενος
443 1953 580 2030 Σίκκιος
606 1947 660 2036 ἦν,
687 1952 739 2036 ὅς,
766 1949 879 2038 ἐπειδὴ
906 1952 999 2031 τέλος
1029 1951 1116 2039 ἐώρα
1142 1955 1183 2018 τά

160 2069 228 2124 τῶν
246 2060 414 2142 πολεμίων
432 2055 550 2144 ἔχοντα
573 2060 713 2136 σκότους
736 2059 835 2137 ὄντος
855 2060 935 2144 ἤδη,
957 2061 1020 2144 τὴν
1043 2069 1183 2145 σπεῖραν

161 2166 252 2249 άνων
275 2163 329 2232 ἐπί
349 2167 409 2232 τὸν
427 2165 637 2253 κρατηθέντα
654 2164 721 2230 ὑπὸ
741 2175 838 2250 σφῶν
857 2165 983 2251 χάρακα
1001 2165 1183 2252 ἀνέστρεφε

160 2271 303 2357 μεγάλης
329 2281 432 2358 χαρᾶς
458 2274 514 2338 καί
542 2276 669 2338 πολλοῦ
696 2272 814 2354 μεστὸς
839 2272 887 2337 ὢν
910 2271 1103 2357 αὐχήματος.
1150 2273 1221 2338 οἷ8

159 2401 194 2442 τε
222 2378 299 2464 περί
326 2378 430 2444 αὐτὸν
457 2377 566 2465 ἀθῷοι
593 2378 648 2443 καί
676 2377 833 2461 ἀβλαβεῖς
860 2378 981 2457 πάντες
1009 2378 1049 2444 οό
1076 2380 1182 2462 μόνον
1200 2402 1226 2443 ιο

159 2485 261 2550 οὐδὲν
293 2487 460 2562 παθόντες
492 2479 540 2550 ὧν
572 2484 834 2570 προσεδόκησαν,
871 2485 955 2551 ἀλλά
990 2485 1046 2552 καί
1080 2484 1182 2565 δόξαν

159 2590 425 2677 ἐπιφανεστάτην
448 2589 711 2677 ἐξενεγκάμενοι,
738 2592 863 2680 πατέρα
890 2593 946 2660 καί
973 2601 1104 2680 σωτῆρα
1126 2595 1182 2660 καί

158 2701 243 2765 θεὸν
270 2697 326 2764 καί
352 2698 460 2764 πάντα
487 2700 528 2764 τά
555 2699 731 2782 τιμιώτατα
761 2699 977 2784 ὀνομάζοντες
1009 2700 1182 2786 ἀπλήστως

78 2823 148 2873 211ss
159 2799 251 2891 είχου
273 2805 456 2890 ἀσπασμῶν
478 2829 514 2872 τε
541 2815 600 2873 τοῦ
629 2807 752 2894 ἀνδρὸς
780 2809 836 2874 καί
862 2819 930 2875 τῶν
953 2809 1063 2874 ἀλλων
1086 2813 1181 2892 φιλο-

160 2915 358 2999 φρονήσεων
388 2913 548 2999 [ἡδονάς]Ι
600 2912 638 2980 ἐν
667 2914 705 2980 δέ
734 2914 840 3002 τούτῳ
870 2914 925 2980 καί
954 2915 975 2999 ἡ
1003 2915 1085 2999 άλλη
1112 2926 1181 2981 τῶν
1198 2936 1224 2977 ιε

231 3131 264 3178 12
286 3121 394 3195 ἐγένετο
413 3127 438 3178 A
464 3121 665 3199 ἐη<ί>νετοΒ
739 3131 772 3180 13
797 3126 919 3196 ἀνῄεσαν
938 3125 984 3179 Bb
1058 3133 1092 3182 14
1114 3128 1180 3189 τοὺς

160 3195 251 3251 om.O
271 3196 336 3252 add.
351 3193 474 3268 Sylburg
526 3203 560 3251 16
580 3195 788 3267 ἐπιδειξάμενος
802 3199 827 3250 A
876 3201 911 3251 20
929 3196 1068 3260 πάντεςΟ
1088 3197 1179 3253 ἅπαν-

159 3286 203 3328 τες
221 3267 364 3337 Kiessling
414 3273 448 3322 23
466 3265 587 3341 θ<εδν>
602 3268 649 3322 Bb
671 3268 674 3340 ί
694 3267 885 3341 πάντ<ατδι>
900 3267 947 3322 Bb
992 3274 1027 3323 24
1045 3270 1111 3332 τους
1129 3269 1179 3324 ἀν-

160 3339 229 3405 δρας
247 3339 271 3392 A
302 3340 305 3410 ί
335 3339 384 3392 καί
406 3347 462 3394 τῶν
483 3339 574 3394 ἀλλων
594 3339 825 3410 φιλοφρονήσεων
843 3337 989 3409 ἡδουδιςΟ
1013 3341 1062 3395 καλ
1080 3345 1129 3410 τῆς
1147 3341 1178 3394 ἐκ

159 3417 214 3463 τῶν
240 3408 330 3464 ἀλλων
356 3410 586 3480 φιλοφρονήσεων
611 3411 717 3482 ἡδονῆς
741 3411 845 3466 Βεὶελεο
876 3411 925 3465 καλ
950 3419 1006 3465 τῶν
1032 3410 1121 3466 ἀλλων
1147 3431 1177 3480 φ.

159 3495 226 3534 voce
244 3479 350 3550 ἡδονὰς
369 3480 464 3536 deleta
482 3481 570 3538 Cobet
589 3481 654 3537 Obs.
673 3501 701 3552 p.
717 3487 769 3538 198
