2656 3932
558 253 591 260 -
629 224 669 274 ια
706 251 739 260 -
1094 223 1157 288 143

137 354 205 430 ζειν
228 347 388 434 ἐπεχείρει
410 347 586 432 πράγματα
610 347 671 415 ούκ
695 345 862 432 ἐπιτήδεια
880 352 1085 432 χλευασμῶν,
1109 339 1158 425 οίς

137 455 453 541 παρακρουσάμενος
485 453 571 537 ὑμᾶς
602 457 681 531 τοὺς
715 456 860 530 πολλοὺς
896 450 998 542 ᾤχετο
1035 453 1158 540 φέρων,

137 562 203 647 ἐγὼ
232 562 288 629 καί
317 561 394 647 περὶ
422 569 483 626 τοῦ
512 563 556 646 μὴ
587 560 755 627 ἀδύνατον
783 555 869 627 εἶναι
895 563 958 645 τὴν
984 561 1158 627 Κλαυδίου

137 670 276 754 γνώμων
294 667 483 751 διαλέξομαι
501 669 585 754 πρὸς
602 667 701 750 ὑμᾶς·
724 668 769 745 ὡς
790 667 852 750 μὲν
870 669 933 753 χάρ
955 667 1159 754 ἀσύμφορος,

139 776 220 842 οὐδὲ
241 786 309 841 τῶν
328 774 560 861 διασυράντων
579 775 684 860 αὐτὴν
705 774 816 853 οὐδεὶς
838 773 1018 861 ἐτόλμησεν
1040 777 1159 842 εἰπεῖν·
1191 798 1204 838 ε

138 883 195 948 καί
218 882 355 967 διδάξω,
381 893 450 959 πῶς
473 881 515 948 ἀν
537 883 558 966 ἦ
581 905 616 946 τε
639 882 729 967 χώρα
752 881 798 947 δι’
815 882 997 968 ἀσφαλείας
1018 881 1160 967 γίνοιτο,

137 990 195 1056 καλ
223 990 320 1074 δίκην
348 990 441 1054 δοῖεν
468 990 501 1054 ολ
529 992 750 1073 τολμήσαντες
778 989 883 1074 αὐτὴν
906 1001 1014 1068 κακῶς
1040 999 1160 1074 ποιεῖν,

138 1097 196 1162 καί
213 1098 275 1181 τὴν
293 1096 435 1182 πάτριον
453 1095 678 1178 ἀπολάβοιμεν
696 1096 961 1183 ἀριστοκρατίαν,
981 1098 1037 1163 καὶ
1056 1094 1156 1164 ταῦθ’

56 1204 207 1287 αεοεάμα
242 1203 373 1288 γένοιτο
411 1202 727 1287 συναγωνιζομένων
759 1203 916 1271 ἁπάντων
951 1214 1019 1270 τῶν
1051 1203 1089 1270 ἐν
1119 1213 1160 1290 τῇ

139 1312 236 1376 πόλει
253 1312 309 1376 καλ
327 1311 469 1395 μηδενὸς
486 1310 646 1376 τάναντία
661 1310 818 1396 πράττειν
835 1309 1018 1396 ἀξιοῦντος,
1037 1313 1161 1396 σοφίαν
1179 1336 1206 1374 ιο

140 1415 302 1500 οὐδεμίαν
326 1416 606 1500 ἀποδεικνύμενος
628 1417 720 1502 ὑμίν,
747 1419 787 1484 τὰ
815 1418 853 1484 δὲ
879 1418 1072 1505 πραχθέντα
1098 1418 1158 1504 ὑφ’

140 1523 237 1606 ὑμῶν
260 1524 372 1590 αὐτῶν
394 1525 642 1610 παραδείγματα
665 1523 786 1610 φέρων.
826 1523 912 1592 ἔνθα
933 1528 998 1611 μάρ
1020 1527 1040 1610 ἡ
1064 1535 1162 1610 πείρα

143 1629 293 1696 διδάσκει
314 1633 352 1696 τὸ
376 1631 560 1718 συμφέρον,
583 1633 618 1696 τί
639 1632 691 1696 δελ
713 1644 907 1716 στοχασμῶν
930 1631 1011 1714 έκελ;

214 1736 285 1802 XX.
304 1736 507 1822 Μέμνησθε,
530 1738 581 1804 δτι
600 1737 665 1803 ἀπὸ
687 1749 756 1804 τῶν
774 1740 885 1806 αὐτῶν
903 1741 1032 1807 τούτων
1050 1739 1163 1807 ἐθνῶν

143 1845 254 1930 ὥσπερ
270 1853 336 1910 νῦν
355 1844 513 1925 δυνάμεις
531 1843 701 1930 ἐνέβαλον,
726 1848 760 1912 αλ
777 1847 839 1930 μὲν
858 1849 904 1925 είς
922 1850 984 1933 τὴν
1001 1847 1163 1933 ἡμετέραν
1181 1868 1207 1908 ιε

143 1962 219 2036 γῆν,
242 1953 276 2016 αλ
299 1949 331 2016 δ’
349 1952 396 2028 είς
418 1953 480 2036 τὴν
500 1963 568 2016 τῶν
588 1953 768 2037 συμμάχων
790 1955 894 2038 ἡμῶν,
917 1955 999 2021 κατά
1022 1956 1082 2020 τὸν
1104 1954 1163 2020 αύ-

143 2060 204 2124 τὸν
235 2058 419 2144 ἀμφότεραι
451 2061 574 2144 χρόνον
607 2062 712 2125 Γαίου
743 2063 897 2126 Ναυτίου
930 2061 985 2125 καί
1017 2064 1163 2127 Λευκίου

144 2167 316 2232 Μινυκίου
348 2167 410 2250 τὴν
441 2165 603 2232 ὑπατείαν
634 2165 790 2250 ἐχόντων,
821 2163 940 2231 ἔνατον
971 2167 992 2251 ἣ
1025 2167 1164 2233 δέκατον

144 2270 217 2350 ἔτος
249 2265 339 2355 οἶμαι
370 2276 472 2338 τουτί.
522 2275 596 2338 τότε
627 2275 745 2338 τοίνυν
776 2272 1043 2339 ἀποστειλάντων
1069 2273 1203 2357 ύμῶν2

144 2379 283 2463 νεότητα
305 2381 433 2464 πολλὴν
450 2380 506 2445 καί
530 2380 663 2465 ἀγαθὴν
687 2377 739 2446 ἐπ’
757 2379 925 2466 ἀμφότερα
947 2382 987 2446 τὰ
1011 2377 1095 2466 ἔθνη
1119 2393 1164 2467 τῷ
1183 2404 1209 2444 το

140 2487 206 2570 μὲν
235 2485 334 2574 ἑτίρφ
364 2497 431 2552 τῶν
460 2486 596 2552 ύποίτων
626 2488 673 2564 εἰς
703 2488 890 2573 δυσχωρίας
919 2487 1166 2573 ἀναγκασθέντι

144 2599 354 2660 κατακλεῖσαι
380 2596 418 2660 τὸ
446 2591 679 2680 στρατόπεδον,
699 2593 820 2680 πρᾶξαι
846 2595 907 2678 μὲν
935 2595 1036 2662 οὐδὲν
1061 2594 1166 2680 ἐξεχέ-

145 2723 236 2785 νετο,
262 2705 518 2786 πολιορκεῖσθαι
546 2699 578 2765 δ’
599 2699 637 2768 ἐν
659 2713 704 2788 τῷ
732 2702 850 2788 χάρακι
876 2703 931 2768 καί
953 2704 1166 2769 κινδυνεύειν

63 2807 265 2876 κνολσπύνει
286 2819 355 2873 τῶν
378 2806 573 2892 ἐπιτηδείων
601 2808 739 2874 ἁλῶναι·
766 2811 905 2897 Ναυτίφ
933 2807 965 2874 δ’
986 2810 1166 2894 ἀντικαθη-

147 2913 234 3001 μένφ
266 2916 426 2998 Σαβίνων
462 2915 566 2998 μάχας
603 2915 786 3000 ἀναγκαῖον
816 2913 860 3000 ἦν
891 2919 1050 2982 τίθεσθαι
1083 2918 1167 3001 πρὸς
1184 2936 1210 2977 ει

219 3131 235 3178 2
258 3127 336 3196 ὑμῶν
360 3125 482 3197 Sylburg
562 3132 578 3179 9
598 3124 647 3197 ἀμ’
664 3123 700 3182 διν
718 3127 827 3198 Rrfiger
845 3127 932 3181 Index
950 3145 991 3198 gr.
1011 3146 1052 3198 gr.
1072 3145 1098 3197 p.
1115 3133 1166 3182 263

148 3202 181 3251 11
202 3194 336 3266 οὐδεμίαν
356 3196 424 3268 ἐμὴν
443 3198 681 3267 ἀποδεικνύμενος
700 3215 722 3253 ο.
737 3198 840 3253 ΒείεΙῐε
864 3199 923 3254 ούδ.
944 3196 1021 3254 ἰδίαν
1041 3199 1123 3254 ἀποδ.
1143 3215 1166 3252 ο.

147 3267 314 3323 0011910118.
330 3274 420 3338 ρ.206
442 3270 445 3340 Ι
466 3271 533 3339 ύμῖν
549 3270 594 3323 La
612 3269 679 3338 ἡμῖν
695 3270 720 3323 R
775 3275 808 3324 13
828 3270 888 3325 ἐκεῖ
904 3269 926 3324 O
946 3270 1007 3340 είκῆ
1027 3287 1048 3324 ο.
1064 3271 1168 3326 Βεὶελίε

148 3345 182 3393 15
202 3333 293 3407 ὧνπερ
313 3357 336 3395 ο.
352 3339 474 3395 Sintenis
491 3341 551 3396 Em.
566 3341 648 3394 Dion.
663 3339 689 3394 H
705 3347 737 3394 12
793 3345 826 3396 18
840 3341 971 3412 γενναίου
987 3341 1008 3397 Ο
1024 3339 1168 3398 Μινυκίου

149 3408 272 3479 Sylburg
357 3417 390 3466 2ο
418 3411 550 3483 Σαβίνων
577 3411 598 3466 Ο
628 3409 763 3482 Σαβίνοις
788 3412 910 3482 Sylburg
944 3413 947 3485 λ
982 3409 1017 3483 ἦν
1043 3413 1065 3468 Ο
1094 3408 1168 3467 εἶναι

148 3479 291 3550 Kiessling
313 3498 398 3551 quam
423 3486 610 3538 correcturum
633 3483 664 3536 in
687 3483 781 3538 adnot.
804 3484 864 3539 crit.
886 3486 1027 3540 revocavit
1061 3486 1063 3556 λ
1098 3481 1168 3552 πρὸς
