2662 3920
179 213 221 278 14
606 213 762 262 -ι-

176 335 214 403 ἐν
246 330 274 424 ᾧ
305 340 443 421 ταπεινή
471 359 522 414 τις
550 332 593 420 ἦν
620 335 764 420 καλύβη,
791 347 949 422 γεωργῶν
972 336 1094 403 αὐτόθι
1115 340 1198 420 μετὰ
1307 380 1308 456 ρ

178 444 310 509 δούλιον
346 443 470 528 ὀλίγον
501 441 664 509 ἐπίπονον
696 445 751 509 καλ
782 445 993 528 ταλαίπωρον
1028 441 1083 528 ἔζη
1119 446 1198 527 βίον
1307 457 1308 464 ’

176 549 242 616 ὑπὸ
262 551 369 635 λόπης
386 573 421 616 τι
439 551 495 616 καί
513 553 643 634 πενίας,
662 551 740 617 οὔτε
758 553 858 616 πόλιν
876 549 966 636 ὁρῶν
984 551 1061 616 οὔτε
1076 552 1198 636 φίλους
1308 554 1309 580 ¹

177 657 402 740 ἀσπαζόμενος
432 654 511 724 οὔθ’
546 657 709 744 ἑορτάζειν
742 654 812 724 οὔτ’
848 658 950 742 ἄλλης
984 658 1198 744 εὐφροσύνης

137 729 333 859 5,οὐδεμιᾶς
364 764 470 851 ἐαυτῷ
502 766 708 847 μεταδιδούς.
762 775 833 843 τοῖς
867 764 981 847 μέντοι
1017 765 1198 852 δημάρχοις
1309 733 1310 750 ¹

176 874 262 938 πολὺ
285 873 323 938 τὸ
346 871 539 958 παράλογον
559 871 690 957 ἐγένετο
711 882 769 956 της
787 870 928 950 ἐλπίδος.
966 870 1089 957 οὐγὰρ
1108 872 1198 950 ὅπως

176 978 342 1044 ἐπαύσατο
373 980 394 1063 η
427 990 495 1045 τῶν
528 979 616 1046 νέων
647 981 819 1065 φιλοτιμία
850 986 1125 1065 σωφρονισθείσα
1156 989 1196 1065 τῇ

176 1089 352 1165 Καίσωνος
381 1094 553 1176 συμφορᾷ,
583 1089 670 1152 πολὺ
698 1087 736 1152 δέ
762 1085 973 1172 χαλεπωτέρα
994 1087 1050 1152 καί
1073 1088 1198 1152 πλείων

176 1191 306 1276 ἐγένετο
325 1190 435 1280 ἔργοις
453 1217 488 1259 τε
506 1195 562 1260 καὶ
581 1197 693 1278 λόγοις
705 1193 990 1278 παταγωνιζομένη
1004 1195 1064 1260 τὸν
1077 1195 1195 1276 νόμον·
1206 1210 1284 1260 2003

133 1323 159 1362 ιο
176 1297 252 1366 ὥστ’
273 1297 380 1366 οὐθὲν
398 1298 447 1366 ἐτι
468 1297 581 1379 αὐτοῖς
599 1299 765 1384 ἐξεγένετο
784 1288 1031 1386 διαπράξασθαι
1049 1301 1197 1386 δαπανη-

175 1406 297 1484 θέντος
328 1409 375 1486 είς
406 1417 510 1474 ταῦτα
542 1417 602 1474 τοῦ
634 1409 759 1494 χρόνον
788 1417 846 1492 τῆς
875 1407 985 1493 ἀρχῆς.
1035 1407 1053 1473 ὁ
1083 1407 1197 1491 μέντοι

177 1515 280 1599 δῆμος
309 1516 357 1592 εἰς
385 1515 445 1580 τὸν
474 1513 610 1599 ἐπιόντα
639 1515 741 1581 πόλιν
768 1513 924 1580 ἐνιαυτὸν
950 1515 1114 1600 ἄρχοντας
1135 1513 1197 1580 ιἰιι-

177 1619 301 1700 έδειξεν
324 1620 454 1698 αὐτούς.

247 1727 351 1794 VHH.
376 1731 531 1794 Ποπλίου
551 1729 589 1796 δέ
606 1725 792 1813 Οὐαλερίου
807 1730 1002 1795 Ποπλικόλα
1020 1729 1076 1794 καλ
1091 1731 1196 1795 Γαΐου

134 1856 159 1897 ιι
176 1836 351 1902 Κλαυδίου
370 1837 523 1918 Σαβίνου
545 1836 608 1920 την
630 1835 795 1920 ὑπατικὴν
813 1833 968 1914 ἐξουσίαν
986 1837 1197 1922 παραλαβόν-

176 1966 244 2009 των
271 1942 430 2020 ιιίνδυνος
458 1942 536 2019 ὅσος
558 1943 651 2008 οὔπω
674 1944 736 2026 τὴν
755 1940 880 2028 Ῥώμην
902 1942 1060 2028 κατέσχεν
1082 1941 1116 2021 ἐξ
1140 1943 1197 2008 όλ-

177 2054 341 2126 λοεθνοῦς
377 2047 539 2132 πολέμου,
575 2048 616 2114 ὃν
652 2052 845 2135 παρηγαγεν
880 2048 975 2128 ἐντὸς
1010 2052 1140 2135 τείχους
1174 2051 1195 2134 η

177 2157 327 2241 πολιτικὴ
358 2156 486 2239 στάσις,
516 2156 561 2233 ὡς
590 2157 626 2222 οἵ
650 2178 685 2222 τε
708 2156 902 2239 Σιβύλλειοι
928 2157 1070 2243 χρησμοὶ
1093 2157 1197 2242 προό·

177 2269 276 2348 λεγον
305 2264 361 2328 καί
387 2264 428 2328 τὰ
455 2261 491 2328 ἐκ
518 2272 578 2328 τοῦ
601 2263 777 2345 δαιμονίου
802 2263 950 2349 φανέντα
973 2262 1196 2349 προεθέσπισε

133 2392 160 2433 ιο
176 2383 222 2458 τῷ
245 2371 450 2456 παρελθόντι
473 2368 623 2456 ἐνιαυτῷ.
660 2371 859 2456 διηγήσομαι
881 2371 919 2436 δέ
941 2374 1003 2456 τήν
1021 2393 1056 2436 τε
1075 2371 1196 2454 αἰτίαν,

177 2477 235 2562 ἀφ’
265 2473 305 2561 ἧς
336 2476 354 2542 ὁ
387 2479 529 2560 πόλεμος
560 2479 711 2562 εἰσῆλθε,
743 2477 799 2544 καὶ
830 2479 871 2542 τδι
902 2477 1095 2563 πραχθέντα
1126 2487 1196 2556 τολς

137 2583 314 2660 θόπότοις
345 2586 427 2649 κατὰ
458 2585 518 2649 τὸν
549 2586 623 2650 τότε
655 2585 777 2668 ἀγῶνα.
827 2586 860 2650 οἱ
889 2586 1130 2670 παρειληφότες
1158 2586 1195 2650 τὸ

177 2692 335 2776 δεύτερον
364 2692 426 2776 τὴν
455 2692 641 2778 δημαρχίαν
671 2690 726 2757 ἐπὶ
753 2700 793 2777 τῇ
816 2690 926 2757 ἐλπίδι
948 2700 1008 2757 τοῦ
1031 2693 1196 2778 κυρώσειν

177 2800 236 2864 τὸν
258 2800 374 2882 νόμον,
398 2798 540 2884 ὁρῶντες
563 2810 630 2864 τῶν
652 2821 688 2864 τε
710 2798 846 2864 ὑπάτων
866 2799 926 2864 τὸν
945 2798 1069 2884 ἕτερον,
1093 2799 1196 2864 Γόιον

133 2926 159 2966 ει
177 2906 361 2989 Κλαύδιον,
391 2901 541 2990 ἔμφυτον
569 2907 607 2972 τὸ
637 2907 721 2992 πρὸς
749 2908 828 2983 τοὺς
857 2905 1055 2990 δημοτικοὺς
1078 2903 1196 2991 ἔχοντα

177 3022 272 3095 μίσος
302 3014 358 3078 διδι
387 3014 564 3097 προγόνων
590 3013 646 3078 καί
669 3012 980 3098 παρεσκευασμένον
1003 3013 1112 3103 ἁπόση
1135 3037 1196 3097 μη-

176 3129 260 3204 χανῇ
284 3119 426 3186 κωλύειν
449 3120 489 3185 τδι
506 3121 680 3204 γινόμενα,
699 3131 766 3186 τῶν
784 3143 819 3185 τε
838 3120 924 3186 νέαν
942 3123 1020 3198 τοὺς
1038 3125 1196 3185 πλεῖστον

177 3225 385 3309 δυναμένους
408 3228 455 3304 εἰς
478 3226 641 3292 ιἰπόνοιαν
663 3229 814 3312 φανερὰν
832 3230 1118 3312 προεληλυθότας,
1137 3227 1277 3304 οὓςυθθε

178 3330 239 3398 οὐκ
269 3331 349 3418 ἐνῆν
378 3345 423 3422 τῷ
453 3337 550 3422 βιαίῳ
581 3337 888 3418 καταγωνίσασθαι,
911 3335 1052 3416 μάλιστα
1075 3335 1113 3399 δὲ
1135 3343 1194 3399 τοῦ

249 3456 328 3526 δτὴν
342 3453 424 3512 πόλιν
441 3473 464 3511 c.
479 3455 583 3510 Reiske
630 3462 663 3510 12
677 3457 743 3517 τοὺς
756 3455 897 3516 αότοόςΑ
914 3455 1052 3516 αότοδςΒ
1100 3461 1132 3510 18
1146 3459 1196 3510 Σι-

178 3529 282 3597 βόλλιοι
300 3527 346 3582 Ba
419 3533 452 3582 29
471 3532 510 3600 τῷ
525 3523 608 3598 βιαίῳ
626 3523 720 3598 τρόπῳ
739 3543 762 3580 c.
780 3525 951 3595 Grasberger
969 3526 1069 3582 Philol.
1085 3533 1128 3593 28,
1144 3533 1195 3581 845
