2670 3924
144 218 211 283 214
562 246 596 255 -
634 219 674 269 113
713 247 746 254 -

143 352 273 428 μετρῶν
304 343 364 407 τὸν
395 341 528 424 μόδιον·
570 341 670 418 ὅσους
702 341 740 406 δὲ
772 341 924 408 αἴσθοιτο
954 341 1165 408 παντάπασιν

144 447 331 526 ἀδυνάτους
358 447 414 513 καί
440 446 517 532 μηδ’
538 447 623 534 ὑπὲρ
650 457 708 532 τῆς
733 446 901 534 ἐφημέρου
924 458 1051 534 τροφῆς
1073 445 1166 534 ἔχον-

144 579 202 633 τας
232 553 399 641 προέσθαι
429 556 467 620 τὸ
500 554 666 640 διάφορον
698 552 780 620 ἀνευ
816 565 910 640 τιμῆς
945 557 1165 641 χαριζόμενος.

104 662 125 726 3
143 663 246 753 ταύτη
269 670 309 748 τῇ
333 662 573 748 φιλανθρωπίᾳ
595 662 655 726 τὸν
678 661 785 746 δῆμον
807 660 984 745 ἀναλαβὼν
1007 662 1063 728 καί
1080 669 1166 729 θαυ-

113 761 272 854 ιμαστὴν
299 769 382 854 ὅσην
407 765 509 846 δόξαν
532 767 795 852 ἀπενεγκάμενος
818 765 920 856 ηὑχετο
943 769 1045 834 πάλιν
1068 767 1166 853 ἐμπο-

145 877 344 962 ρευσάμενος
371 873 484 961 ἐτέρας
511 872 646 960 ἀγοράς·
683 874 739 940 καί
761 884 872 960 παρῆν
894 876 935 941 ού
959 877 1016 942 διὰ
1037 885 1166 962 μακροῦ

143 985 354 1067 ποταμηγοὺς
378 979 469 1066 ἀγων
493 981 622 1066 σκάφας
644 983 769 1058 πολλὰς
790 981 880 1048 πάνυ
903 984 1023 1065 μεστὰς
1040 993 1167 1069 τροφῆς

104 1089 199 1184 4καλ
221 1090 281 1154 τὸν
305 1089 408 1155 αὑτὸν
430 1090 558 1174 τρόπον
580 1097 650 1165 τοῖς
677 1090 870 1168 <πολίταις>
899 1087 1034 1176 ἐμέτρει.
1074 1091 1107 1156 ολ
1129 1091 1168 1156 δὲ

121 1183 310 1280 ῗπατρίκιοι
338 1204 442 1261 ταῦτα
468 1195 655 1280 πράττοντα
683 1194 826 1281 ὁρῶντες
853 1195 956 1262 αὐτὸν
983 1193 1077 1277 <δι’>
1106 1197 1168 1262 ὑπ·

101 1324 126 1364 ιο
144 1304 242 1382 οψίας
268 1325 304 1368 τε
332 1300 521 1386 ἐλάμβανον
543 1312 602 1387 τῆς
629 1298 715 1386 ἀγαν
743 1304 932 1388 φιλοτιμίας
955 1312 1016 1369 τοῦ
1044 1303 1168 1390 ἀνδρὸς

144 1408 246 1474 οὐδὲν
275 1407 407 1493 ἀγαθὸν
436 1407 641 1475 ἀπολαύσειν
669 1410 817 1492 οἰόμενοι
846 1409 902 1475 καί
931 1409 1168 1494 συνιστάμενοι

143 1517 226 1582 κατὰ
248 1516 310 1601 τὴν
333 1515 461 1602 ἀγορὰν
483 1514 660 1600 ἐσκόπουν,
684 1516 800 1582 ὅντινα
822 1517 885 1602 χρὴ
905 1519 1032 1602 τρόπον
1051 1517 1168 1603 εύπρε-

144 1620 305 1707 πέστερον
337 1620 419 1688 ἀνευ
452 1623 615 1688 κινδύνου
647 1630 773 1687 παῦσαι
804 1623 933 1690 τούτων
965 1624 1069 1690 αὑτὸν
1100 1635 1168 1690 τῶν

144 1728 405 1810 πολιτευμάτων·
428 1729 543 1815 κρύφα
565 1729 627 1812 μὲν
649 1731 686 1795 τὸ
710 1740 843 1816 πρῶτον
865 1731 921 1796 καί
943 1727 1014 1796 κατ’
1033 1730 1168 1815 ὀλίγους

101 1855 126 1898 ιι
145 1836 318 1918 συνιόντες
339 1835 395 1900 καί
417 1836 646 1919 διαλεγόμενοι
669 1837 752 1922 πρὸς
774 1835 953 1921 ἀλλήλους,
979 1833 1090 1904 ἔπειτα
1112 1838 1168 1904 καί

144 1940 181 2008 ἐκ
201 1950 272 2008 ’τοῦ
305 1951 455 2029 φανεροῦ
487 1945 729 2027 καταβοῶντες,
763 1941 876 2028 ἐπειδὴ
908 1945 1014 2031 βαρύς
1045 1967 1081 2011 τε
1112 1927 1179 2010 καί

144 2048 312 2136 ἀφόρητος
333 2045 377 2134 ἦν
400 2046 481 2136 ἔργα
503 2072 539 2115 τε
561 2049 715 2135 πράττων
737 2051 968 2136 ὑπερηφανίας
990 2053 1092 2135 μεστά
1112 2051 1167 2118 καὶ

104 2155 266 2240 ῦλόγους
293 2154 424 2235 διεξιὼν
452 2156 613 2234 αὐθάδεις
639 2155 724 2240 ὑπὲρ
747 2155 881 2224 ἑαυτοῦ·
914 2159 951 2235 ῦς
973 2181 1011 2242 γε
1034 2169 1167 2245 πρῶτον

144 2264 205 2346 μὲν
227 2266 448 2358 καθεζόμενος
471 2263 526 2330 ἐπὶ
548 2267 694 2348 βήματος
717 2273 939 2349 περιφανοῦς,
958 2265 1069 2351 ὥσπερ
1087 2262 1167 2342 ἐθος

100 2391 127 2432 εο
144 2367 187 2454 ἦν
210 2372 359 2449 τοίςῇτάς
382 2371 484 2457 ἀρχάς
512 2367 658 2456 ἔχουσιν,
686 2369 874 2456 ἐχρημάτιζε
896 2381 966 2450 τοῖς
989 2381 1167 2460 προσιοῦσι

145 2476 189 2542 δι’
218 2475 341 2563 ἡμέρας
373 2477 450 2563 περὶ
481 2479 543 2562 τὴν
575 2478 777 2561 σιτοδοσίαν,
806 2477 957 2562 ἐκβαλὼν
986 2488 1044 2563 τῆς
1073 2489 1167 2564 τιμῆς

144 2583 265 2667 ταύτης
296 2583 357 2650 τὸν
388 2582 631 2667 ἀποδειχθέντα
666 2581 811 2669 ἔπαρχον
842 2584 908 2650 ὑπὸ
941 2596 998 2671 της
1029 2589 1166 2670 βουλῆς·

106 2690 126 2755 6
145 2686 257 2756 ἔπειτα
284 2699 434 2775 συνεχεῖς
463 2691 662 2773 ποιούμενος
689 2689 863 2776 ἐκκλησίας
885 2692 947 2758 οῦκ
970 2692 1010 2757 δν
1033 2690 1071 2757 ἐν
1094 2688 1167 2758 ἔθει

141 2794 310 2880 Ῥωμαίοις
340 2797 476 2881 ἰδιώτην
506 2795 683 2882 ἐκκλησίαν
710 2799 870 2884 συνάγειν
893 2800 999 2864 πολλά
1021 2799 1084 2883 μὲν
1107 2807 1165 2864 τοῦ

218 2973 423 3044 Ἰποταμνγοὺς
440 2971 502 3026 Εεο.
525 2973 532 3045 λ
559 2972 627 3042 μετδιΙ
645 2973 707 3029 Εεο.
726 2972 826 3044 μεστὰς
843 2972 934 3029 Feder
1005 2971 1167 3035 ὑπολίταις

145 3043 210 3098 εδδ.
225 3044 315 3103 Feder
376 3049 392 3098 9
411 3040 515 3099 *αὑτὸν
534 3042 661 3114 ὑποψίας
677 3065 707 3099 τε
725 3045 787 3100 Εεο.
807 3045 914 3100 oonexi
933 3045 968 3099 of.
983 3044 1077 3099 Fleek.
1093 3046 1166 3101 Ann.

146 3120 215 3169 1888
241 3117 314 3185 (12⁷)
340 3121 393 3171 850
477 3121 509 3170 11
539 3115 640 3171 *οῦδὲν
668 3117 782 3187 ἀγαθοῦ
809 3116 870 3170 Εεο.
904 3112 1020 3179 ούδενδς
1052 3116 1165 3187 ἀγαθοῦ

144 3186 288 3256 Kiessling
314 3187 398 3242 οῦδὲν
424 3184 537 3257 ἀγαθὸν
563 3203 627 3257 eg03
654 3187 689 3241 cf.
713 3189 779 3242 Aar.
802 3187 898 3257 Progr.
921 3204 949 3256 p.
969 3191 1012 3255 25,
1037 3187 1167 3242 Hertlein

145 3257 240 3328 Progr.
254 3258 411 3313 Wartheim
431 3263 509 3326 1878,
528 3263 545 3312 8
618 3264 651 3312 12
670 3255 899 3330 εὐπρεπέστερον]
923 3256 1120 3327 εύπρεπίστατ’
1142 3275 1165 3312 ο.

145 3328 248 3384 Garrer
265 3328 331 3384 obs.
350 3347 377 3399 p.
393 3335 426 3384 67
490 3336 523 3386 16
542 3331 630 3401 βαρὺς
648 3329 689 3384 ἔτι
706 3330 768 3385 Εεο.
788 3331 939 3401 βαρύτερος
957 3328 998 3384 ἐτι
1015 3330 1060 3384 vel
1078 3330 1166 3401 βαρύς

145 3419 173 3454 τε
193 3418 215 3455 ο.
230 3400 332 3456 Mffller
396 3405 428 3454 1‘1
447 3399 636 3471 ὑπεριφανίας
653 3401 715 3456 Εεο.
778 3406 811 3456 19
831 3399 899 3464 ἐθος
918 3400 992 3456 ἐστὶν
1010 3401 1072 3456 Εεο.
1092 3403 1166 3455 teste

145 3471 263 3527 Mflllero
314 3477 347 3526 22
361 3471 489 3543 ῦπαρχον
503 3473 565 3528 Εεο.
583 3471 706 3542 ἔπαρχον
720 3472 810 3526 Feder
860 3478 894 3527 28
909 3471 1004 3527 ἔπειτα
1018 3472 1049 3527 δὲ
1064 3469 1166 3526 Mfffler
