<?xml version="1.0" encoding="UTF-8"?>
<!DOCTYPE html PUBLIC "-//W3C//DTD XHTML 1.0 Transitional//EN"
    "http://www.w3.org/TR/xhtml1/DTD/xhtml1-transitional.dtd">
<html xmlns="http://www.w3.org/1999/xhtml" xml:lang="en" lang="en">
 <head>
  <title>
</title>
<meta http-equiv="Content-Type" content="text/html;charset=utf-8" />
  <meta name='ocr-system' content='tesseract 3.04.00' />
  <meta name='ocr-capabilities' content='ocr_page ocr_carea ocr_par ocr_line ocrx_word'/>
</head>
<body>
  <div class='ocr_page' id='page_1' title='image "./dionysihalicarn06diongoog_0042.png"; bbox 0 0 2662 3920; ppageno 0'>
   <div class='ocr_carea' id='block_1_1' title="bbox 158 152 742 218">
    <p class='ocr_par' dir='ltr' id='par_1_1' title="bbox 158 152 742 218">
     <span class='ocr_line' id='line_1_1' title="bbox 158 152 742 218; baseline -0.003 0"><span class='ocrx_word' id='word_1_1' title='bbox 158 152 202 218; x_wconf 83' lang='lat'><strong><em>24</em></strong></span> <span class='ocrx_word' id='word_1_2' title='bbox 586 155 742 205; x_wconf 83' lang='grc' dir='ltr'><strong><em>-Ι-</em></strong></span> 
     </span>
    </p>
   </div>
   <div class='ocr_carea' id='block_1_2' title="bbox 78 274 1267 2936">
    <p class='ocr_par' dir='ltr' id='par_1_2' title="bbox 78 274 1267 2936">
     <span class='ocr_line' id='line_1_2' title="bbox 157 274 1178 362; baseline 0.001 -19"><span class='ocrx_word' id='word_1_3' title='bbox 157 280 286 362; x_wconf 87' lang='grc' dir='ltr'><strong><em>κρίνειν</em></strong></span> <span class='ocrx_word' id='word_1_4' title='bbox 318 274 368 343; x_wconf 77' lang='grc' dir='ltr'><strong><em>ἐπ’</em></strong></span> <span class='ocrx_word' id='word_1_5' title='bbox 400 277 519 355; x_wconf 78' lang='grc' dir='ltr'><strong><em>αἰτίαις</em></strong></span> <span class='ocrx_word' id='word_1_6' title='bbox 551 277 711 357; x_wconf 80' lang='grc' dir='ltr'><strong><em>ψευδέσιν</em></strong></span> <span class='ocrx_word' id='word_1_7' title='bbox 743 277 887 361; x_wconf 83' lang='grc' dir='ltr'><strong><em>είάσατε,</em></strong></span> <span class='ocrx_word' id='word_1_8' title='bbox 923 277 979 344; x_wconf 84' lang='grc' dir='ltr'><strong><em>καί</em></strong></span> <span class='ocrx_word' id='word_1_9' title='bbox 1015 288 1178 344; x_wconf 90' lang='grc' dir='ltr'><strong><em>τοσοῦτον</em></strong></span> 
     </span>
     <span class='ocr_line' id='line_1_3' title="bbox 159 383 1178 469; baseline 0.003 -20"><span class='ocrx_word' id='word_1_10' title='bbox 159 385 292 468; x_wconf 91' lang='grc' dir='ltr'><strong><em>φύλακα</em></strong></span> <span class='ocrx_word' id='word_1_11' title='bbox 323 394 381 469; x_wconf 76' lang='grc' dir='ltr'><strong><em>τῆς</em></strong></span> <span class='ocrx_word' id='word_1_12' title='bbox 407 383 658 469; x_wconf 79' lang='grc' dir='ltr'><strong><em>ἀριστοκρατίας</em></strong></span> <span class='ocrx_word' id='word_1_13' title='bbox 686 383 956 469; x_wconf 80' lang='grc' dir='ltr'><strong><em>ἀναρπαζόμενον</em></strong></span> <span class='ocrx_word' id='word_1_14' title='bbox 982 385 1039 451; x_wconf 90' lang='grc' dir='ltr'><strong><em>ὑπ’</em></strong></span> <span class='ocrx_word' id='word_1_15' title='bbox 1066 387 1178 452; x_wconf 81' lang='grc' dir='ltr'><strong><em>αὐτῶν</em></strong></span> 
     </span>
     <span class='ocr_line' id='line_1_4' title="bbox 118 491 1174 577; baseline 0.003 -20"><span class='ocrx_word' id='word_1_16' title='bbox 118 491 346 575; x_wconf 76' lang='grc' dir='ltr'><strong><em>ὑπεριείδετε.</em></strong></span> <span class='ocrx_word' id='word_1_17' title='bbox 391 501 572 576; x_wconf 80' lang='grc' dir='ltr'><strong><em>τοιγαροῦν</em></strong></span> <span class='ocrx_word' id='word_1_18' title='bbox 599 491 709 557; x_wconf 84' lang='grc' dir='ltr'><strong><em>οὐκέτι</em></strong></span> <span class='ocrx_word' id='word_1_19' title='bbox 737 492 966 577; x_wconf 78' lang='grc' dir='ltr'><strong><em>μετριάζουσιν</em></strong></span> <span class='ocrx_word' id='word_1_20' title='bbox 992 493 1072 558; x_wconf 77' lang='grc' dir='ltr'><strong><em>οὐδὲ</em></strong></span> <span class='ocrx_word' id='word_1_21' title='bbox 1095 491 1174 560; x_wconf 86' lang='grc' dir='ltr'><strong><em>καθ’</em></strong></span> 
     </span>
     <span class='ocr_line' id='line_1_5' title="bbox 159 597 1177 686; baseline 0.004 -24"><span class='ocrx_word' id='word_1_22' title='bbox 159 597 218 662; x_wconf 82' lang='grc' dir='ltr'><strong><em>ἕνα</em></strong></span> <span class='ocrx_word' id='word_1_23' title='bbox 248 609 316 664; x_wconf 77' lang='grc' dir='ltr'><strong><em>τῶν</em></strong></span> <span class='ocrx_word' id='word_1_24' title='bbox 348 599 496 683; x_wconf 76' lang='grc' dir='ltr'><strong><em>εὐγενῶν</em></strong></span> <span class='ocrx_word' id='word_1_25' title='bbox 527 601 796 685; x_wconf 78' lang='grc' dir='ltr'><strong><em>περικόπτουσιν,</em></strong></span> <span class='ocrx_word' id='word_1_26' title='bbox 832 599 902 664; x_wconf 84' lang='grc' dir='ltr'><strong><em>ἀλλ’</em></strong></span> <span class='ocrx_word' id='word_1_27' title='bbox 934 599 1082 686; x_wconf 86' lang='grc' dir='ltr'><strong><em>ἀθρόους</em></strong></span> <span class='ocrx_word' id='word_1_28' title='bbox 1112 601 1177 685; x_wconf 79' lang='grc' dir='ltr'><strong><em>ἤδη</em></strong></span> 
     </span>
     <span class='ocr_line' id='line_1_6' title="bbox 127 705 1178 792; baseline 0.004 -24"><span class='ocrx_word' id='word_1_29' title='bbox 127 727 139 766; x_wconf 85' lang='grc' dir='ltr'><strong><em>ε</em></strong></span> <span class='ocrx_word' id='word_1_30' title='bbox 158 708 393 789; x_wconf 80' lang='grc' dir='ltr'><strong><em>περιβαλόντες</em></strong></span> <span class='ocrx_word' id='word_1_31' title='bbox 411 708 489 784; x_wconf 87' lang='grc' dir='ltr'><strong><em>τούς</em></strong></span> <span class='ocrx_word' id='word_1_32' title='bbox 508 706 657 792; x_wconf 85' lang='grc' dir='ltr'><strong><em>ἀγαθοὺς</em></strong></span> <span class='ocrx_word' id='word_1_33' title='bbox 677 705 877 772; x_wconf 78' lang='grc' dir='ltr'><strong><em>ἐλαύνουσιν</em></strong></span> <span class='ocrx_word' id='word_1_34' title='bbox 900 705 936 772; x_wconf 86' lang='grc' dir='ltr'><strong><em>ἐκ</em></strong></span> <span class='ocrx_word' id='word_1_35' title='bbox 958 717 1016 790; x_wconf 76' lang='grc' dir='ltr'><strong><em>τῆς</em></strong></span> <span class='ocrx_word' id='word_1_36' title='bbox 1039 709 1178 785; x_wconf 88' lang='grc' dir='ltr'><strong><em>πόλεως·</em></strong></span> 
     </span>
     <span class='ocr_line' id='line_1_7' title="bbox 158 811 1179 899; baseline 0.003 -22"><span class='ocrx_word' id='word_1_37' title='bbox 158 813 213 878; x_wconf 77' lang='grc' dir='ltr'><strong><em>καὶ</em></strong></span> <span class='ocrx_word' id='word_1_38' title='bbox 245 814 328 899; x_wconf 87' lang='grc' dir='ltr'><strong><em>πρὸς</em></strong></span> <span class='ocrx_word' id='word_1_39' title='bbox 359 823 429 891; x_wconf 88' lang='grc' dir='ltr'><strong><em>τοῖς</em></strong></span> <span class='ocrx_word' id='word_1_40' title='bbox 461 815 573 891; x_wconf 88' lang='grc' dir='ltr'><strong><em>ἀλλοις</em></strong></span> <span class='ocrx_word' id='word_1_41' title='bbox 605 823 718 892; x_wconf 78' lang='grc' dir='ltr'><strong><em>κακοῖς</em></strong></span> <span class='ocrx_word' id='word_1_42' title='bbox 754 813 827 880; x_wconf 85' lang='grc' dir='ltr'><strong><em>οὐδ’</em></strong></span> <span class='ocrx_word' id='word_1_43' title='bbox 859 811 1028 880; x_wconf 78' lang='grc' dir='ltr'><strong><em>ἀντειπεῖν</em></strong></span> <span class='ocrx_word' id='word_1_44' title='bbox 1064 815 1179 892; x_wconf 84' lang='grc' dir='ltr'><strong><em>αὐτοῖς</em></strong></span> 
     </span>
     <span class='ocr_line' id='line_1_8' title="bbox 159 917 1179 1005; baseline 0.002 -20"><span class='ocrx_word' id='word_1_45' title='bbox 159 917 309 998; x_wconf 82' lang='grc' dir='ltr'><strong><em>ἀξιοῦσιν</em></strong></span> <span class='ocrx_word' id='word_1_46' title='bbox 332 920 461 986; x_wconf 78' lang='grc' dir='ltr'><strong><em>οὐθένα</em></strong></span> <span class='ocrx_word' id='word_1_47' title='bbox 483 921 587 1005; x_wconf 82' lang='grc' dir='ltr'><strong><em>ὑμῶν,</em></strong></span> <span class='ocrx_word' id='word_1_48' title='bbox 616 917 687 986; x_wconf 87' lang='grc' dir='ltr'><strong><em>ἀλλ’</em></strong></span> <span class='ocrx_word' id='word_1_49' title='bbox 705 922 753 998; x_wconf 83' lang='grc' dir='ltr'><strong><em>εἰς</em></strong></span> <span class='ocrx_word' id='word_1_50' title='bbox 774 921 920 1001; x_wconf 81' lang='grc' dir='ltr'><strong><em>ὑποψίας</em></strong></span> <span class='ocrx_word' id='word_1_51' title='bbox 942 921 998 986; x_wconf 83' lang='grc' dir='ltr'><strong><em>καί</em></strong></span> <span class='ocrx_word' id='word_1_52' title='bbox 1021 922 1179 1004; x_wconf 82' lang='grc' dir='ltr'><strong><em>διαβολάς</em></strong></span> 
     </span>
     <span class='ocr_line' id='line_1_9' title="bbox 159 1027 1179 1113; baseline 0.002 -21"><span class='ocrx_word' id='word_1_53' title='bbox 159 1028 295 1111; x_wconf 84' lang='grc' dir='ltr'><strong><em>ἀγοντες</em></strong></span> <span class='ocrx_word' id='word_1_54' title='bbox 323 1028 367 1105; x_wconf 82' lang='grc' dir='ltr'><strong><em>ὡς</em></strong></span> <span class='ocrx_word' id='word_1_55' title='bbox 393 1037 622 1094; x_wconf 85' lang='grc' dir='ltr'><strong><em>κοινωνοῦντα</em></strong></span> <span class='ocrx_word' id='word_1_56' title='bbox 648 1039 716 1093; x_wconf 80' lang='grc' dir='ltr'><strong><em>τῶν</em></strong></span> <span class='ocrx_word' id='word_1_57' title='bbox 744 1027 941 1113; x_wconf 73' lang='grc' dir='ltr'><strong><em>ἀπορρήτων</em></strong></span> <span class='ocrx_word' id='word_1_58' title='bbox 973 1029 1179 1094; x_wconf 91' lang='grc' dir='ltr'><strong><em>δεδίττονται</em></strong></span> 
     </span>
     <span class='ocr_line' id='line_1_10' title="bbox 158 1129 1267 1221; baseline 0.003 -22"><span class='ocrx_word' id='word_1_59' title='bbox 158 1135 213 1200; x_wconf 79' lang='grc' dir='ltr'><strong><em>καί</em></strong></span> <span class='ocrx_word' id='word_1_60' title='bbox 249 1136 434 1220; x_wconf 90' lang='grc' dir='ltr'><strong><em>μισόδημον</em></strong></span> <span class='ocrx_word' id='word_1_61' title='bbox 471 1135 577 1212; x_wconf 81' lang='grc' dir='ltr'><strong><em>εὐθὺς</em></strong></span> <span class='ocrx_word' id='word_1_62' title='bbox 613 1129 702 1200; x_wconf 85' lang='grc' dir='ltr'><strong><em>εἷναί</em></strong></span> <span class='ocrx_word' id='word_1_63' title='bbox 734 1152 832 1220; x_wconf 90' lang='grc' dir='ltr'><strong><em>φασι,</em></strong></span> <span class='ocrx_word' id='word_1_64' title='bbox 868 1135 923 1200; x_wconf 83' lang='grc' dir='ltr'><strong><em>καί</em></strong></span> <span class='ocrx_word' id='word_1_65' title='bbox 955 1135 1179 1221; x_wconf 85' lang='grc' dir='ltr'><strong><em>προλέγουσιν</em></strong></span> <span class='ocrx_word' id='word_1_66' title='bbox 1188 1152 1267 1204; x_wconf 77' lang='lat'>2019</span> 
     </span>
     <span class='ocr_line' id='line_1_11' title="bbox 114 1239 1179 1330; baseline 0.006 -28"><span class='ocrx_word' id='word_1_67' title='bbox 114 1263 141 1303; x_wconf 83' lang='grc' dir='ltr'><strong><em>ιο</em></strong></span> <span class='ocrx_word' id='word_1_68' title='bbox 157 1243 251 1326; x_wconf 71' lang='grc' dir='ltr'><strong><em>ἥκειν</em></strong></span> <span class='ocrx_word' id='word_1_69' title='bbox 278 1240 332 1308; x_wconf 80' lang='grc' dir='ltr'><strong><em>ἐπί</em></strong></span> <span class='ocrx_word' id='word_1_70' title='bbox 359 1244 419 1309; x_wconf 91' lang='grc' dir='ltr'><strong><em>τὸν</em></strong></span> <span class='ocrx_word' id='word_1_71' title='bbox 446 1243 554 1327; x_wconf 82' lang='grc' dir='ltr'><strong><em>δῆμον</em></strong></span> <span class='ocrx_word' id='word_1_72' title='bbox 575 1239 743 1327; x_wconf 81' lang='grc' dir='ltr'><strong><em>ὑφέξοντα</em></strong></span> <span class='ocrx_word' id='word_1_73' title='bbox 765 1253 832 1308; x_wconf 80' lang='grc' dir='ltr'><strong><em>τῶν</em></strong></span> <span class='ocrx_word' id='word_1_74' title='bbox 856 1241 980 1308; x_wconf 88' lang='grc' dir='ltr'><strong><em>ἐνθάδε</em></strong></span> <span class='ocrx_word' id='word_1_75' title='bbox 1004 1243 1179 1330; x_wconf 78' lang='grc' dir='ltr'><strong><em>ῥηθέντων</em></strong></span> 
     </span>
     <span class='ocr_line' id='line_1_12' title="bbox 78 1346 1179 1436; baseline 0.002 -22"><span class='ocrx_word' id='word_1_76' title='bbox 78 1364 80 1370; x_wconf 86' lang='grc'><strong>’</strong></span> <span class='ocrx_word' id='word_1_77' title='bbox 119 1350 260 1426; x_wconf 86' lang='grc' dir='ltr'><strong><em>6δίκας.</em></strong></span> <span class='ocrx_word' id='word_1_78' title='bbox 316 1346 387 1414; x_wconf 87' lang='grc' dir='ltr'><strong><em>ἀλλ’</em></strong></span> <span class='ocrx_word' id='word_1_79' title='bbox 414 1349 499 1434; x_wconf 79' lang='grc' dir='ltr'><strong><em>ὑπὲρ</em></strong></span> <span class='ocrx_word' id='word_1_80' title='bbox 535 1348 597 1431; x_wconf 78' lang='grc' dir='ltr'><strong><em>μὲν</em></strong></span> <span class='ocrx_word' id='word_1_81' title='bbox 632 1349 762 1415; x_wconf 89' lang='grc' dir='ltr'><strong><em>τούτων</em></strong></span> <span class='ocrx_word' id='word_1_82' title='bbox 798 1349 908 1436; x_wconf 81' lang='grc' dir='ltr'><strong><em>ἕτερος</em></strong></span> <span class='ocrx_word' id='word_1_83' title='bbox 943 1347 1033 1415; x_wconf 80' lang='grc' dir='ltr'><strong><em>ἔσται</em></strong></span> <span class='ocrx_word' id='word_1_84' title='bbox 1064 1351 1179 1436; x_wconf 81' lang='grc' dir='ltr'><strong><em>καιρὸς</em></strong></span> 
     </span>
     <span class='ocr_line' id='line_1_13' title="bbox 159 1454 1179 1542; baseline 0.001 -21"><span class='ocrx_word' id='word_1_85' title='bbox 159 1454 418 1542; x_wconf 88' lang='grc' dir='ltr'><strong><em>ἐπιτηδειότερος</em></strong></span> <span class='ocrx_word' id='word_1_86' title='bbox 440 1466 510 1533; x_wconf 86' lang='grc' dir='ltr'><strong><em>τοῖς</em></strong></span> <span class='ocrx_word' id='word_1_87' title='bbox 531 1459 652 1540; x_wconf 91' lang='grc' dir='ltr'><strong><em>λόγοις,</em></strong></span> <span class='ocrx_word' id='word_1_88' title='bbox 675 1457 754 1522; x_wconf 80' lang='grc' dir='ltr'><strong><em>νυνί</em></strong></span> <span class='ocrx_word' id='word_1_89' title='bbox 773 1457 811 1522; x_wconf 78' lang='grc' dir='ltr'><strong><em>δὲ</em></strong></span> <span class='ocrx_word' id='word_1_90' title='bbox 829 1468 980 1539; x_wconf 81' lang='grc' dir='ltr'><strong><em>συντεμῶ</em></strong></span> <span class='ocrx_word' id='word_1_91' title='bbox 998 1459 1058 1523; x_wconf 85' lang='grc' dir='ltr'><strong><em>τὸν</em></strong></span> <span class='ocrx_word' id='word_1_92' title='bbox 1077 1460 1179 1542; x_wconf 93' lang='grc' dir='ltr'><strong><em>λόγον</em></strong></span> 
     </span>
     <span class='ocr_line' id='line_1_14' title="bbox 158 1563 1179 1650; baseline -0.001 -21"><span class='ocrx_word' id='word_1_93' title='bbox 158 1564 213 1629; x_wconf 80' lang='grc' dir='ltr'><strong><em>καὶ</em></strong></span> <span class='ocrx_word' id='word_1_94' title='bbox 244 1563 413 1646; x_wconf 88' lang='grc' dir='ltr'><strong><em>παύσομαι</em></strong></span> <span class='ocrx_word' id='word_1_95' title='bbox 444 1565 485 1628; x_wconf 84' lang='grc' dir='ltr'><strong><em>τά</em></strong></span> <span class='ocrx_word' id='word_1_96' title='bbox 517 1565 618 1629; x_wconf 91' lang='grc' dir='ltr'><strong><em>πλείω</em></strong></span> <span class='ocrx_word' id='word_1_97' title='bbox 656 1564 913 1646; x_wconf 79' lang='grc' dir='ltr'><strong><em>διατεινόμενος·</em></strong></span> <span class='ocrx_word' id='word_1_98' title='bbox 951 1565 1179 1650; x_wconf 91' lang='grc' dir='ltr'><strong><em>φυλάττεσθαι</em></strong></span> 
     </span>
     <span class='ocr_line' id='line_1_15' title="bbox 79 1670 1180 1756; baseline 0.005 -26"><span class='ocrx_word' id='word_1_99' title='bbox 79 1722 83 1730; x_wconf 75' lang='grc'><strong><em>,</em></strong></span> <span class='ocrx_word' id='word_1_100' title='bbox 158 1671 239 1753; x_wconf 87' lang='grc' dir='ltr'><strong><em>ὑμῖν</em></strong></span> <span class='ocrx_word' id='word_1_101' title='bbox 261 1682 411 1756; x_wconf 83' lang='grc' dir='ltr'><strong><em>παραινῶ</em></strong></span> <span class='ocrx_word' id='word_1_102' title='bbox 435 1671 555 1736; x_wconf 85' lang='grc' dir='ltr'><strong><em>τούσδε</em></strong></span> <span class='ocrx_word' id='word_1_103' title='bbox 578 1672 657 1748; x_wconf 85' lang='grc' dir='ltr'><strong><em>τοὺς</em></strong></span> <span class='ocrx_word' id='word_1_104' title='bbox 680 1670 804 1756; x_wconf 86' lang='grc' dir='ltr'><strong><em>ἀνδρας</em></strong></span> <span class='ocrx_word' id='word_1_105' title='bbox 827 1671 872 1748; x_wconf 84' lang='grc' dir='ltr'><strong><em>ὡς</em></strong></span> <span class='ocrx_word' id='word_1_106' title='bbox 894 1672 1180 1754; x_wconf 74' lang='grc' dir='ltr'><strong><em>συνταράττοντες</em></strong></span> 
     </span>
     <span class='ocr_line' id='line_1_16' title="bbox 115 1775 1179 1864; baseline 0 -22"><span class='ocrx_word' id='word_1_107' title='bbox 115 1802 141 1842; x_wconf 81' lang='grc' dir='ltr'><strong><em>ιε</em></strong></span> <span class='ocrx_word' id='word_1_108' title='bbox 158 1780 220 1863; x_wconf 82' lang='grc' dir='ltr'><strong><em>την</em></strong></span> <span class='ocrx_word' id='word_1_109' title='bbox 246 1780 346 1844; x_wconf 91' lang='grc' dir='ltr'><strong><em>πόλιν</em></strong></span> <span class='ocrx_word' id='word_1_110' title='bbox 373 1778 428 1843; x_wconf 78' lang='grc' dir='ltr'><strong><em>καὶ</em></strong></span> <span class='ocrx_word' id='word_1_111' title='bbox 455 1778 607 1862; x_wconf 80' lang='grc' dir='ltr'><strong><em>μεγάλων</em></strong></span> <span class='ocrx_word' id='word_1_112' title='bbox 635 1775 837 1863; x_wconf 83' lang='grc' dir='ltr'><strong><em>ἐκφέροντας</em></strong></span> <span class='ocrx_word' id='word_1_113' title='bbox 865 1777 966 1864; x_wconf 84' lang='grc' dir='ltr'><strong><em>ἀρχάς</em></strong></span> <span class='ocrx_word' id='word_1_114' title='bbox 990 1789 1101 1844; x_wconf 79' lang='grc' dir='ltr'><strong><em>κακῶν</em></strong></span> <span class='ocrx_word' id='word_1_115' title='bbox 1123 1779 1179 1843; x_wconf 79' lang='grc' dir='ltr'><strong><em>καὶ</em></strong></span> 
     </span>
     <span class='ocr_line' id='line_1_17' title="bbox 159 1883 1179 1972; baseline 0 -22"><span class='ocrx_word' id='word_1_116' title='bbox 159 1885 221 1950; x_wconf 85' lang='grc' dir='ltr'><strong><em>οὐκ</em></strong></span> <span class='ocrx_word' id='word_1_117' title='bbox 244 1883 368 1951; x_wconf 87' lang='grc' dir='ltr'><strong><em>ἐνθάδε</em></strong></span> <span class='ocrx_word' id='word_1_118' title='bbox 391 1885 452 1968; x_wconf 80' lang='grc' dir='ltr'><strong><em>μὲν</em></strong></span> <span class='ocrx_word' id='word_1_119' title='bbox 475 1895 578 1951; x_wconf 91' lang='grc' dir='ltr'><strong><em>ταῦτα</em></strong></span> <span class='ocrx_word' id='word_1_120' title='bbox 601 1883 700 1968; x_wconf 90' lang='grc' dir='ltr'><strong><em>λέγω,</em></strong></span> <span class='ocrx_word' id='word_1_121' title='bbox 724 1886 807 1970; x_wconf 88' lang='grc' dir='ltr'><strong><em>πρὸς</em></strong></span> <span class='ocrx_word' id='word_1_122' title='bbox 830 1886 868 1950; x_wconf 79' lang='grc' dir='ltr'><strong><em>δέ</em></strong></span> <span class='ocrx_word' id='word_1_123' title='bbox 890 1887 950 1952; x_wconf 88' lang='grc' dir='ltr'><strong><em>τὸν</em></strong></span> <span class='ocrx_word' id='word_1_124' title='bbox 969 1887 1076 1972; x_wconf 77' lang='grc' dir='ltr'><strong><em>δῆμον</em></strong></span> <span class='ocrx_word' id='word_1_125' title='bbox 1099 1885 1179 1950; x_wconf 89' lang='grc' dir='ltr'><strong><em>ἀπο-</em></strong></span> 
     </span>
     <span class='ocr_line' id='line_1_18' title="bbox 159 1991 1178 2080; baseline 0 -22"><span class='ocrx_word' id='word_1_126' title='bbox 159 1994 341 2078; x_wconf 84' lang='grc' dir='ltr'><strong><em>κρύψομαι,</em></strong></span> <span class='ocrx_word' id='word_1_127' title='bbox 387 1992 470 2058; x_wconf 86' lang='grc' dir='ltr'><strong><em>ιἰλλά</em></strong></span> <span class='ocrx_word' id='word_1_128' title='bbox 514 1991 608 2058; x_wconf 88' lang='grc' dir='ltr'><strong><em>κάκεῖ</em></strong></span> <span class='ocrx_word' id='word_1_129' title='bbox 649 1994 817 2080; x_wconf 76' lang='grc' dir='ltr'><strong><em>παρρησίᾳ</em></strong></span> <span class='ocrx_word' id='word_1_130' title='bbox 858 1993 970 2080; x_wconf 80' lang='grc' dir='ltr'><strong><em>δικαίη</em></strong></span> <span class='ocrx_word' id='word_1_131' title='bbox 1005 1997 1178 2078; x_wconf 80' lang='grc' dir='ltr'><strong><em>χρήσομαι,</em></strong></span> 
     </span>
     <span class='ocr_line' id='line_1_19' title="bbox 160 2098 1178 2185; baseline 0 -21"><span class='ocrx_word' id='word_1_132' title='bbox 160 2100 327 2166; x_wconf 75' lang='grc' dir='ltr'><strong><em>διδάσκων</em></strong></span> <span class='ocrx_word' id='word_1_133' title='bbox 350 2099 394 2176; x_wconf 81' lang='grc' dir='ltr'><strong><em>ὡς</em></strong></span> <span class='ocrx_word' id='word_1_134' title='bbox 417 2099 520 2165; x_wconf 76' lang='grc' dir='ltr'><strong><em>οὐδὲν</em></strong></span> <span class='ocrx_word' id='word_1_135' title='bbox 543 2099 657 2176; x_wconf 82' lang='grc' dir='ltr'><strong><em>αὐτοῖς</em></strong></span> <span class='ocrx_word' id='word_1_136' title='bbox 679 2098 890 2185; x_wconf 82' lang='grc' dir='ltr'><strong><em>ἐπικρέμαται</em></strong></span> <span class='ocrx_word' id='word_1_137' title='bbox 914 2101 1037 2184; x_wconf 90' lang='grc' dir='ltr'><strong><em>δεινόν,</em></strong></span> <span class='ocrx_word' id='word_1_138' title='bbox 1061 2100 1112 2166; x_wconf 84' lang='grc' dir='ltr'><strong><em>ότι</em></strong></span> <span class='ocrx_word' id='word_1_139' title='bbox 1134 2101 1178 2183; x_wconf 81' lang='grc' dir='ltr'><strong><em>μη</em></strong></span> 
     </span>
     <span class='ocr_line' id='line_1_20' title="bbox 159 2204 1179 2293; baseline -0.002 -21"><span class='ocrx_word' id='word_1_140' title='bbox 159 2208 254 2272; x_wconf 79' lang='grc' dir='ltr'><strong><em>κακοί</em></strong></span> <span class='ocrx_word' id='word_1_141' title='bbox 281 2208 336 2273; x_wconf 82' lang='grc' dir='ltr'><strong><em>καί</em></strong></span> <span class='ocrx_word' id='word_1_142' title='bbox 364 2207 472 2272; x_wconf 87' lang='grc' dir='ltr'><strong><em>δόλιοι</em></strong></span> <span class='ocrx_word' id='word_1_143' title='bbox 499 2207 680 2292; x_wconf 91' lang='grc' dir='ltr'><strong><em>προστάται</em></strong></span> <span class='ocrx_word' id='word_1_144' title='bbox 707 2210 874 2289; x_wconf 90' lang='grc' dir='ltr'><strong><em>πολεμίων</em></strong></span> <span class='ocrx_word' id='word_1_145' title='bbox 902 2204 982 2293; x_wconf 82' lang='grc' dir='ltr'><strong><em>ἔργα</em></strong></span> <span class='ocrx_word' id='word_1_146' title='bbox 1010 2205 1047 2272; x_wconf 88' lang='grc' dir='ltr'><strong><em>ἐν</em></strong></span> <span class='ocrx_word' id='word_1_147' title='bbox 1077 2223 1179 2292; x_wconf 89' lang='grc' dir='ltr'><strong><em>προσ-</em></strong></span> 
     </span>
     <span class='ocr_line' id='line_1_21' title="bbox 116 2291 1178 2418; baseline -0.001 -39"><span class='ocrx_word' id='word_1_148' title='bbox 116 2291 315 2418; x_wconf 52' lang='grc' dir='ltr'><strong><em>8ξποιηματι</em></strong></span> <span class='ocrx_word' id='word_1_149' title='bbox 338 2316 447 2399; x_wconf 90' lang='grc' dir='ltr'><strong><em>φίλων</em></strong></span> <span class='ocrx_word' id='word_1_150' title='bbox 472 2314 756 2400; x_wconf 88' lang='grc' dir='ltr'><strong><em>διαπραττόμενοι.</em></strong></span> <span class='ocrx_word' id='word_1_151' title='bbox 814 2311 912 2379; x_wconf 87' lang='grc' dir='ltr'><strong><em>Ταῦτ’</em></strong></span> <span class='ocrx_word' id='word_1_152' title='bbox 940 2315 1092 2390; x_wconf 81' lang='grc' dir='ltr'><strong><em>εἰπόντος</em></strong></span> <span class='ocrx_word' id='word_1_153' title='bbox 1118 2321 1178 2378; x_wconf 92' lang='grc' dir='ltr'><strong><em>τοῦ</em></strong></span> 
     </span>
     <span class='ocr_line' id='line_1_22' title="bbox 159 2418 1179 2505; baseline -0.002 -19"><span class='ocrx_word' id='word_1_154' title='bbox 159 2421 288 2486; x_wconf 85' lang='grc' dir='ltr'><strong><em>ὑπάτου</em></strong></span> <span class='ocrx_word' id='word_1_155' title='bbox 320 2423 448 2505; x_wconf 75' lang='grc' dir='ltr'><strong><em>κραυγή</em></strong></span> <span class='ocrx_word' id='word_1_156' title='bbox 480 2443 514 2486; x_wconf 86' lang='grc' dir='ltr'><strong><em>τε</em></strong></span> <span class='ocrx_word' id='word_1_157' title='bbox 546 2421 601 2486; x_wconf 80' lang='grc' dir='ltr'><strong><em>καὶ</em></strong></span> <span class='ocrx_word' id='word_1_158' title='bbox 633 2424 738 2498; x_wconf 85' lang='grc' dir='ltr'><strong><em>πολὺς</em></strong></span> <span class='ocrx_word' id='word_1_159' title='bbox 770 2418 905 2497; x_wconf 80' lang='grc' dir='ltr'><strong><em>ἔπαινος</em></strong></span> <span class='ocrx_word' id='word_1_160' title='bbox 935 2419 971 2485; x_wconf 88' lang='grc' dir='ltr'><strong><em>ἐκ</em></strong></span> <span class='ocrx_word' id='word_1_161' title='bbox 1000 2431 1068 2485; x_wconf 77' lang='grc' dir='ltr'><strong><em>τῶν</em></strong></span> <span class='ocrx_word' id='word_1_162' title='bbox 1097 2441 1179 2505; x_wconf 93' lang='grc' dir='ltr'><strong><em>παρ-</em></strong></span> 
     </span>
     <span class='ocr_line' id='line_1_23' title="bbox 160 2523 1180 2612; baseline -0.003 -18"><span class='ocrx_word' id='word_1_163' title='bbox 160 2531 268 2595; x_wconf 92' lang='grc' dir='ltr'><strong><em>όντων</em></strong></span> <span class='ocrx_word' id='word_1_164' title='bbox 304 2525 449 2611; x_wconf 86' lang='grc' dir='ltr'><strong><em>έγένετο,</em></strong></span> <span class='ocrx_word' id='word_1_165' title='bbox 486 2529 541 2594; x_wconf 77' lang='grc' dir='ltr'><strong><em>καὶ</em></strong></span> <span class='ocrx_word' id='word_1_166' title='bbox 573 2528 653 2594; x_wconf 76' lang='grc' dir='ltr'><strong><em>οὐδὲ</em></strong></span> <span class='ocrx_word' id='word_1_167' title='bbox 685 2531 787 2612; x_wconf 93' lang='grc' dir='ltr'><strong><em>λόγου</em></strong></span> <span class='ocrx_word' id='word_1_168' title='bbox 820 2538 888 2605; x_wconf 90' lang='grc' dir='ltr'><strong><em>τοῖς</em></strong></span> <span class='ocrx_word' id='word_1_169' title='bbox 921 2528 1100 2612; x_wconf 82' lang='grc' dir='ltr'><strong><em>δημάρχοις</em></strong></span> <span class='ocrx_word' id='word_1_170' title='bbox 1131 2523 1180 2591; x_wconf 78' lang='grc' dir='ltr'><strong><em>ἔτι</em></strong></span> 
     </span>
     <span class='ocr_line' id='line_1_24' title="bbox 160 2631 1180 2719; baseline -0.001 -18"><span class='ocrx_word' id='word_1_171' title='bbox 160 2635 356 2719; x_wconf 89' lang='grc' dir='ltr'><strong><em>μεταδόντες</em></strong></span> <span class='ocrx_word' id='word_1_172' title='bbox 392 2634 549 2700; x_wconf 82' lang='grc' dir='ltr'><strong><em>διέλυσαν</em></strong></span> <span class='ocrx_word' id='word_1_173' title='bbox 585 2637 645 2701; x_wconf 90' lang='grc' dir='ltr'><strong><em>τὸν</em></strong></span> <span class='ocrx_word' id='word_1_174' title='bbox 686 2637 860 2718; x_wconf 92' lang='grc' dir='ltr'><strong><em>σύλλογον.</em></strong></span> <span class='ocrx_word' id='word_1_175' title='bbox 920 2631 1027 2700; x_wconf 76' lang='grc' dir='ltr'><strong><em>ἔπειθ’</em></strong></span> <span class='ocrx_word' id='word_1_176' title='bbox 1060 2634 1077 2700; x_wconf 90' lang='grc' dir='ltr'>ὁ</span> <span class='ocrx_word' id='word_1_177' title='bbox 1118 2635 1180 2717; x_wconf 81' lang='grc' dir='ltr'><strong><em>μέν</em></strong></span> 
     </span>
     <span class='ocr_line' id='line_1_25' title="bbox 163 2740 1179 2828; baseline -0.002 -20"><span class='ocrx_word' id='word_1_178' title='bbox 163 2745 360 2828; x_wconf 84' lang='grc' dir='ltr'><strong><em>Οὑεργίνιος</em></strong></span> <span class='ocrx_word' id='word_1_179' title='bbox 397 2740 572 2826; x_wconf 85' lang='grc' dir='ltr'><strong><em>ἐκκλησίαν</em></strong></span> <span class='ocrx_word' id='word_1_180' title='bbox 609 2743 808 2827; x_wconf 84' lang='grc' dir='ltr'><strong><em>συναγαγὼν</em></strong></span> <span class='ocrx_word' id='word_1_181' title='bbox 844 2743 1019 2827; x_wconf 89' lang='grc' dir='ltr'><strong><em>κατηγόρει</em></strong></span> <span class='ocrx_word' id='word_1_182' title='bbox 1051 2752 1109 2826; x_wconf 80' lang='grc' dir='ltr'><strong><em>τῆς</em></strong></span> <span class='ocrx_word' id='word_1_183' title='bbox 1144 2764 1179 2806; x_wconf 87' lang='grc' dir='ltr'><strong><em>τε</em></strong></span> 
     </span>
     <span class='ocr_line' id='line_1_26' title="bbox 116 2848 1178 2936; baseline 0.001 -23"><span class='ocrx_word' id='word_1_184' title='bbox 116 2872 142 2913; x_wconf 80' lang='grc' dir='ltr'><strong><em>ει</em></strong></span> <span class='ocrx_word' id='word_1_185' title='bbox 161 2855 284 2936; x_wconf 72' lang='grc' dir='ltr'><strong><em>βουλῆς</em></strong></span> <span class='ocrx_word' id='word_1_186' title='bbox 315 2850 370 2917; x_wconf 78' lang='grc' dir='ltr'><strong><em>καὶ</em></strong></span> <span class='ocrx_word' id='word_1_187' title='bbox 402 2862 469 2916; x_wconf 80' lang='grc' dir='ltr'><strong><em>τῶν</em></strong></span> <span class='ocrx_word' id='word_1_188' title='bbox 500 2851 646 2934; x_wconf 90' lang='grc' dir='ltr'><strong><em>ὑπάτων,</em></strong></span> <span class='ocrx_word' id='word_1_189' title='bbox 678 2850 696 2916; x_wconf 88' lang='grc' dir='ltr'>ὁ</span> <span class='ocrx_word' id='word_1_190' title='bbox 724 2850 762 2915; x_wconf 80' lang='grc' dir='ltr'><strong><em>δὲ</em></strong></span> <span class='ocrx_word' id='word_1_191' title='bbox 789 2851 958 2926; x_wconf 85' lang='grc' dir='ltr'><strong><em>Κλαύδιος</em></strong></span> <span class='ocrx_word' id='word_1_192' title='bbox 986 2848 1178 2933; x_wconf 86' lang='grc' dir='ltr'><strong><em>ἀπελογεῖτο</em></strong></span> 
     </span>
    </p>
   </div>
   <div class='ocr_carea' id='block_1_3' title="bbox 160 3022 1180 3526">
    <p class='ocr_par' dir='ltr' id='par_1_3' title="bbox 160 3022 1180 3526">
     <span class='ocr_line' id='line_1_27' title="bbox 233 3022 1179 3096; baseline -0.004 -14"><span class='ocrx_word' id='word_1_193' title='bbox 233 3034 248 3082; x_wconf 83' lang='lat'>2</span> <span class='ocrx_word' id='word_1_194' title='bbox 284 3023 514 3096; x_wconf 81' lang='grc' dir='ltr'><strong><em>ἀναρπαζόμενον</em></strong></span> <span class='ocrx_word' id='word_1_195' title='bbox 548 3044 571 3082; x_wconf 84' lang='grc' dir='ltr'><strong><em>ο.</em></strong></span> <span class='ocrx_word' id='word_1_196' title='bbox 601 3027 730 3081; x_wconf 72' lang='grc' dir='ltr'><strong><em>Ηοτὺλοὶω</em></strong></span> <span class='ocrx_word' id='word_1_197' title='bbox 763 3027 880 3080; x_wconf 77' lang='lat' dir='ltr'><strong>Hermes</strong></span> <span class='ocrx_word' id='word_1_198' title='bbox 912 3024 938 3078; x_wconf 91' lang='lat' dir='ltr'>X</span> <span class='ocrx_word' id='word_1_199' title='bbox 967 3031 1019 3078; x_wconf 89' lang='grc'><strong><em>419</em></strong></span> <span class='ocrx_word' id='word_1_200' title='bbox 1057 3022 1179 3092; x_wconf 79' lang='grc' dir='ltr'><strong><em>ἁρπαζό-</em></strong></span> 
     </span>
     <span class='ocr_line' id='line_1_28' title="bbox 160 3095 1178 3169; baseline -0.004 -16"><span class='ocrx_word' id='word_1_201' title='bbox 160 3118 245 3168; x_wconf 91' lang='grc' dir='ltr'><strong><em>μενον</em></strong></span> <span class='ocrx_word' id='word_1_202' title='bbox 265 3099 287 3154; x_wconf 90' lang='lat' dir='ltr'>O</span> <span class='ocrx_word' id='word_1_203' title='bbox 311 3099 345 3152; x_wconf 83' lang='lat' dir='ltr'><strong><em>of.</em></strong></span> <span class='ocrx_word' id='word_1_204' title='bbox 365 3097 391 3151; x_wconf 91' lang='lat' dir='ltr'>X</span> <span class='ocrx_word' id='word_1_205' title='bbox 410 3105 482 3165; x_wconf 78' lang='lat'>51‚2</span> <span class='ocrx_word' id='word_1_206' title='bbox 563 3105 579 3152; x_wconf 83' lang='lat'>4</span> <span class='ocrx_word' id='word_1_207' title='bbox 602 3095 831 3169; x_wconf 88' lang='grc' dir='ltr'><strong><em>περικόπτουσιν]</em></strong></span> <span class='ocrx_word' id='word_1_208' title='bbox 857 3105 1076 3163; x_wconf 88' lang='grc' dir='ltr'><strong><em>περισκοποῦσιν</em></strong></span> <span class='ocrx_word' id='word_1_209' title='bbox 1094 3098 1119 3149; x_wconf 86' lang='grc' dir='ltr'><strong>Α</strong></span> <span class='ocrx_word' id='word_1_210' title='bbox 1143 3095 1178 3150; x_wconf 79' lang='lat' dir='ltr'><strong><em>cf.</em></strong></span> 
     </span>
     <span class='ocr_line' id='line_1_29' title="bbox 160 3167 1176 3242; baseline -0.002 -18"><span class='ocrx_word' id='word_1_211' title='bbox 160 3169 186 3223; x_wconf 85' lang='lat' dir='ltr'>X</span> <span class='ocrx_word' id='word_1_212' title='bbox 200 3176 274 3236; x_wconf 80' lang='lat'>51,&#39;4</span> <span class='ocrx_word' id='word_1_213' title='bbox 296 3170 299 3242; x_wconf 66' lang='grc' dir='ltr'><strong><em>ί</em></strong></span> <span class='ocrx_word' id='word_1_214' title='bbox 320 3167 435 3238; x_wconf 89' lang='grc' dir='ltr'><strong><em>ἀθρόως</em></strong></span> <span class='ocrx_word' id='word_1_215' title='bbox 449 3170 471 3225; x_wconf 96' lang='grc' dir='ltr'>Ο</span> <span class='ocrx_word' id='word_1_216' title='bbox 487 3187 555 3224; x_wconf 85' lang='lat' dir='ltr'>corr.</span> <span class='ocrx_word' id='word_1_217' title='bbox 570 3171 712 3238; x_wconf 79' lang='lat' dir='ltr'>Kiessling</span> <span class='ocrx_word' id='word_1_218' title='bbox 763 3175 778 3224; x_wconf 82' lang='lat'>5</span> <span class='ocrx_word' id='word_1_219' title='bbox 793 3169 1005 3238; x_wconf 81' lang='grc' dir='ltr'><strong><em>περιβάλλοντες</em></strong></span> <span class='ocrx_word' id='word_1_220' title='bbox 1020 3185 1042 3222; x_wconf 87' lang='grc' dir='ltr'><strong><em>ο.</em></strong></span> <span class='ocrx_word' id='word_1_221' title='bbox 1052 3167 1156 3222; x_wconf 82' lang='lat' dir='ltr'>Reiske</span> <span class='ocrx_word' id='word_1_222' title='bbox 1173 3168 1176 3237; x_wconf 69' lang='lat' dir='ltr'>l</span> 
     </span>
     <span class='ocr_line' id='line_1_30' title="bbox 162 3236 1178 3309; baseline -0.004 -13"><span class='ocrx_word' id='word_1_223' title='bbox 162 3241 289 3297; x_wconf 74' lang='grc' dir='ltr'><strong><em>ἕλκουσιν</em></strong></span> <span class='ocrx_word' id='word_1_224' title='bbox 308 3241 330 3296; x_wconf 92' lang='grc' dir='ltr'>Ο</span> <span class='ocrx_word' id='word_1_225' title='bbox 350 3241 514 3296; x_wconf 80' lang='grc' dir='ltr'><strong><em>ἐλαύνουσιν</em></strong></span> <span class='ocrx_word' id='word_1_226' title='bbox 533 3258 555 3297; x_wconf 84' lang='lat' dir='ltr'><strong><em>c.</em></strong></span> <span class='ocrx_word' id='word_1_227' title='bbox 576 3241 664 3296; x_wconf 78' lang='lat' dir='ltr'>Cobet</span> <span class='ocrx_word' id='word_1_228' title='bbox 683 3240 748 3296; x_wconf 79' lang='lat' dir='ltr'>obs.</span> <span class='ocrx_word' id='word_1_229' title='bbox 767 3259 793 3309; x_wconf 86' lang='lat' dir='ltr'><strong><em>p.</em></strong></span> <span class='ocrx_word' id='word_1_230' title='bbox 813 3245 862 3294; x_wconf 85' lang='grc'><strong><em>189</em></strong></span> <span class='ocrx_word' id='word_1_231' title='bbox 930 3245 963 3292; x_wconf 77' lang='lat'><strong><em>12</em></strong></span> <span class='ocrx_word' id='word_1_232' title='bbox 984 3236 1106 3309; x_wconf 82' lang='grc' dir='ltr'><strong><em>συντέμω</em></strong></span> <span class='ocrx_word' id='word_1_233' title='bbox 1125 3239 1178 3293; x_wconf 84' lang='grc' dir='ltr'><strong><em>ΑΒ</em></strong></span> 
     </span>
     <span class='ocr_line' id='line_1_31' title="bbox 163 3310 1179 3383; baseline -0.003 -16"><span class='ocrx_word' id='word_1_234' title='bbox 163 3319 196 3367; x_wconf 81' lang='lat'><strong><em>13</em></strong></span> <span class='ocrx_word' id='word_1_235' title='bbox 215 3313 358 3382; x_wconf 86' lang='grc' dir='ltr'><strong><em>παύσομαι</em></strong></span> <span class='ocrx_word' id='word_1_236' title='bbox 373 3313 424 3366; x_wconf 92' lang='grc' dir='ltr'><strong><em>ΑΒ</em></strong></span> <span class='ocrx_word' id='word_1_237' title='bbox 443 3311 491 3368; x_wconf 78' lang='grc' dir='ltr'><strong><em>ἴνα</em></strong></span> <span class='ocrx_word' id='word_1_238' title='bbox 506 3310 824 3383; x_wconf 80' lang='grc' dir='ltr'><strong><em>συντέμω-παύσωμαι</em></strong></span> <span class='ocrx_word' id='word_1_239' title='bbox 838 3328 861 3366; x_wconf 84' lang='lat' dir='ltr'><strong><em>c.</em></strong></span> <span class='ocrx_word' id='word_1_240' title='bbox 872 3311 975 3366; x_wconf 78' lang='lat' dir='ltr'>Reiske</span> <span class='ocrx_word' id='word_1_241' title='bbox 1024 3317 1058 3364; x_wconf 90' lang='grc'><strong><em>14</em></strong></span> <span class='ocrx_word' id='word_1_242' title='bbox 1076 3331 1179 3378; x_wconf 91' lang='grc' dir='ltr'><strong><em>παραι-</em></strong></span> 
     </span>
     <span class='ocr_line' id='line_1_32' title="bbox 162 3379 1180 3454; baseline -0.004 -15"><span class='ocrx_word' id='word_1_243' title='bbox 162 3394 219 3439; x_wconf 84' lang='grc' dir='ltr'><strong><em>νῶν</em></strong></span> <span class='ocrx_word' id='word_1_244' title='bbox 243 3401 265 3440; x_wconf 87' lang='lat' dir='ltr'><strong><em>c.</em></strong></span> <span class='ocrx_word' id='word_1_245' title='bbox 286 3383 427 3454; x_wconf 79' lang='lat' dir='ltr'>Kiessling</span> <span class='ocrx_word' id='word_1_246' title='bbox 499 3390 532 3439; x_wconf 82' lang='lat'><strong><em>15</em></strong></span> <span class='ocrx_word' id='word_1_247' title='bbox 557 3381 728 3454; x_wconf 78' lang='grc' dir='ltr'><strong><em>ἐκφέροντας</em></strong></span> <span class='ocrx_word' id='word_1_248' title='bbox 747 3383 769 3437; x_wconf 91' lang='grc'>0</span> <span class='ocrx_word' id='word_1_249' title='bbox 794 3379 975 3450; x_wconf 81' lang='grc' dir='ltr'><strong><em>εἰσφέροντας</em></strong></span> <span class='ocrx_word' id='word_1_250' title='bbox 996 3399 1018 3437; x_wconf 86' lang='grc' dir='ltr'><strong><em>ο.</em></strong></span> <span class='ocrx_word' id='word_1_251' title='bbox 1037 3382 1180 3452; x_wconf 85' lang='lat' dir='ltr'>Kiessling</span> 
     </span>
     <span class='ocr_line' id='line_1_33' title="bbox 164 3451 985 3526; baseline -0.005 -16"><span class='ocrx_word' id='word_1_252' title='bbox 164 3461 197 3510; x_wconf 88' lang='lat'><strong><em>18</em></strong></span> <span class='ocrx_word' id='word_1_253' title='bbox 217 3451 398 3525; x_wconf 81' lang='grc' dir='ltr'><strong><em>ἐπικρέμαται</em></strong></span> <span class='ocrx_word' id='word_1_254' title='bbox 415 3476 442 3510; x_wconf 87' lang='grc' dir='ltr'><strong><em>τι</em></strong></span> <span class='ocrx_word' id='word_1_255' title='bbox 461 3455 483 3511; x_wconf 92' lang='grc' dir='ltr'>Ο</span> <span class='ocrx_word' id='word_1_256' title='bbox 502 3459 616 3526; x_wconf 74' lang='lat' dir='ltr'>praeter</span> <span class='ocrx_word' id='word_1_257' title='bbox 634 3456 656 3509; x_wconf 95' lang='lat' dir='ltr'><strong>B</strong></span> <span class='ocrx_word' id='word_1_258' title='bbox 730 3459 764 3508; x_wconf 81' lang='lat'><strong><em>22</em></strong></span> <span class='ocrx_word' id='word_1_259' title='bbox 784 3451 889 3522; x_wconf 82' lang='grc' dir='ltr'><strong><em>ἐγένετο</em></strong></span> <span class='ocrx_word' id='word_1_260' title='bbox 908 3452 985 3507; x_wconf 86' lang='lat' dir='ltr'><strong><em>ABb</em></strong></span> 
     </span>
    </p>
   </div>
   <div class='ocr_carea' id='block_1_4' title="bbox 0 0 1336 3920">
    <p class='ocr_par' dir='ltr' id='par_1_4' title="bbox 0 0 1336 3920">
     <span class='ocr_line' id='line_1_34' title="bbox 0 0 1336 3920; baseline 0 0"><span class='ocrx_word' id='word_1_261' title='bbox 0 0 1336 3920; x_wconf 95' lang='lat' dir='ltr'><strong><em> </em></strong></span> 
     </span>
    </p>
   </div>
  </div>
 </body>
</html>
