2654 3916
578 255 611 264 -
649 227 695 279 16
732 254 766 264 -
1116 225 1180 290 307

160 351 336 441 χρημάτων
359 352 461 428 αἰτείς
483 353 656 437 πρίασθαι.
702 347 776 437 (17)
799 351 829 415 εἰ
852 350 891 415 δὲ
913 350 954 435 δη
978 350 1034 416 καί
1056 351 1096 415 τά
1122 350 1183 432 μά·
1216 351 1236 414 2

161 465 256 526 λιστα
292 459 348 525 διδ
383 458 442 536 τάς
479 457 669 543 εὐεργεσίας
704 467 772 524 τῶν
804 455 972 540 δεομένων
1003 458 1041 522 τὸ
1076 458 1183 522 πολλὰ

160 572 342 651 κεκτῆσθαι
363 569 511 652 χρήματα
529 564 672 650 μεγάλης
691 560 735 648 ἦν
754 563 903 649 σπουδῆς
920 562 976 629 καί
995 565 1184 648 φιλοτιμίας

161 672 266 758 ἄξιον,
297 672 353 740 καί
381 671 650 759 μακαριωτάτους
678 671 828 758 ὑπῆρχεν
858 663 945 736 εἰναι
973 673 1052 748 τοὺς
1081 674 1184 736 πλον·
1313 657 1314 668 ¹

76 798 151 850 ιοοο
161 780 352 865 σιωτάτους,
375 780 420 856 ὡς
441 789 511 857 τοῖς
534 781 729 862 βασιλεῦσιν
752 777 833 860 ὑμίν
856 777 958 862 δοκεῖ,
981 778 1120 864 πότερος
1141 773 1184 862 ην
1218 797 1230 838 ι

161 912 218 972 μοι
251 889 373 975 τρόπος
404 886 562 972 εὐπορίας
593 887 767 973 κρείττους
799 881 857 969 ἀφ’
885 877 933 949 ὧν
966 884 1008 949 σύ
1035 907 1092 968 μοι
1119 892 1185 950 νῦν

162 995 345 1079 μεταδίδως
372 993 515 1080 αἰσχρῶς
542 992 563 1078 ἢ
592 990 650 1078 ἀφ’
674 987 722 1058 ὧν
745 991 844 1069 αὐτὸς
870 989 1056 1077 ἐκτησάμην
1078 995 1186 1068 καλῶς

162 1104 341 1190 πρότερον;
364 1100 507 1187 παρέσχε
524 1100 588 1186 γάρ
607 1123 664 1183 μοι
681 1101 722 1165 τά
740 1099 893 1166 πολιτικά
915 1098 1090 1184 πράγματα
1108 1122 1186 1185 χρη·
1206 1099 1227 1163 3

163 1218 335 1293 ματισμῶν
353 1207 506 1294 ἀφορμάς
524 1209 664 1292 δικαίας,
683 1206 841 1283 πολλάκις
858 1205 921 1289 μὲν
938 1205 994 1271 καί
1012 1207 1187 1292 πρότερον,

163 1315 305 1400 μάλιστα
327 1311 374 1400 δ’,
397 1313 512 1394 (ἐπεὶ)
536 1312 590 1380 ἐπί
608 1317 779 1392 Σαυνίτας
801 1313 856 1379 καί
875 1315 1070 1389 Λευκανοὺς
1089 1312 1187 1392 <καί>
1208 1334 1233 1373 ιο

165 1424 344 1507 Βρεττίους
373 1423 532 1509 στρατιάν
559 1422 651 1505 άμων
680 1420 822 1506 ἐστάλην
850 1420 994 1506 τετάρτην
1024 1421 1188 1506 πρότερον

165 1527 306 1616 ἐνιαυτῷ
342 1530 405 1614 την
439 1529 569 1594 δπατον
606 1527 712 1614 ὐρχηυ
744 1525 840 1613 ἔχων,
875 1526 932 1593 καί
967 1527 1096 1610 πολλὴν
1127 1525 1189 1608 μὲν

165 1636 277 1722 χώραν
299 1634 515 1722 ἐλεηλάτησε,
542 1639 680 1712 πολλαῖς
708 1635 747 1701 δὲ
772 1635 890 1720 μάχαις
917 1635 997 1712 τοδς
1019 1631 1190 1711 ἀντιταξα·

165 1742 287 1826 μόνους
305 1741 452 1829 ἐνίκησα,
475 1743 600 1820 πολλὰς
622 1741 660 1808 δί
677 1742 734 1808 καί
752 1742 952 1824 εὐδαίμονας
973 1743 1088 1819 πόλεις
1107 1741 1190 1806 κατά

165 1850 285 1936 κράτος
308 1848 394 1916 ἐλὼν
417 1847 641 1936 ἐξεπόρθησα,
664 1847 697 1928 ἐξ
722 1843 770 1916 ὧν
791 1852 854 1934 την
877 1849 1035 1935 στρατιάν
1058 1848 1191 1912 ἅπασαν
1209 1867 1235 1908 ιι

167 1955 360 2042 ἐπλούτισα,
383 1957 439 2023 καί
461 1958 519 2034 τάς
542 1957 703 2042 εἰσφορὰς
724 1966 795 2033 τοῖς
820 1956 980 2038 ἰδιώταις,
1003 1953 1042 2030 δίς
1061 1955 1109 2030 εἰς
1131 1956 1191 2020 τὸν

167 2066 313 2146 πόλεμον
335 2067 608 2150 προεισηνεμκαυ,
636 2061 804 2145 ἀπέδωκα,
831 2061 887 2126 καί
914 2061 1108 2146 τετρακόσια
1135 2060 1191 2124 τά-

86 2176 271 2239 ιοοολαντα
297 2173 379 2252 μετά
405 2172 465 2236 τὸν
492 2171 663 2255 θρίαμβον
690 2169 738 2245 εἰς
765 2169 803 2233 τὸ
829 2177 980 2252 ταμιείαν
1007 2167 1190 2251 εἰσήνεγκα

167 2275 241 2363 (18)
270 2273 371 2341 ἔπειτ’
393 2275 531 2342 ἐκείνων
560 2285 628 2340 τῶν
655 2275 860 2361 δορικτήτων
887 2271 963 2352 ἐξόν
990 2297 1047 2356 μοι
1076 2276 1232 2356 λαβείν4

168 2378 262 2448 ὁπόσ’
282 2379 367 2461 (δν)
387 2380 574 2467 ἐβουλόμην
598 2381 639 2448 οὐ
663 2381 786 2465 λαβών,
810 2380 893 2447 ἀλλὰ
915 2381 971 2446 καί
994 2381 1054 2446 τὸυ
1078 2378 1114 2446 ἐκ
1131 2389 1192 2446 τοῦ
1211 2403 1237 2443 ιο

169 2489 301 2554 δικαίου
324 2493 472 2554 πλοῦτον
494 2487 664 2574 ὑπεριδὼν
687 2488 783 2554 ἕνεκα
806 2486 919 2574 δόξης,
943 2489 988 2566 ὡς
1011 2487 1194 2574 Οὐαλέριος

169 2597 382 2674 Ποπλικόλας
414 2593 549 2680 ἐποίησε
579 2595 635 2662 καί
668 2597 764 2661 ἄλλοι
794 2601 945 2662 πλεῖστοι
976 2596 1060 2682 πρὸς
1086 2596 1192 2682 τούτῳ

242 2724 257 2772 1
277 2715 367 2780 αἰτιος
389 2716 458 2772 sto
485 2716 575 2780 αἰτιος
597 2713 625 2772 εἰ
643 2717 762 2772 Ursinus
787 2715 907 2808 ἕτοιμος
914 2711 942 2772 εἰ
958 2715 1081 2786 Sylburg
1106 2717 1194 2779 αἰτεῖς

169 2789 313 2860 Kiessling
336 2789 426 2855 ἀξιοῖς
451 2787 539 2844 Cobet
557 2788 622 2844 Obs.
641 2806 669 2858 p.
685 2795 737 2844 216
811 2795 826 2843 3
849 2787 1000 2859 πράγματα
1020 2787 1042 2843 0
1065 2788 1193 2880 χρήματα

169 2861 288 2916 Ursinus
360 2860 626 2930 ίμακαριωτάτους
612 2859 802 2945 ςμακάριου
816 2861 932 2922 τοότονς
949 2859 1009 2931 Ἠ
1038 2857 1193 2927 πληοιωτά-

169 2951 235 2995 τους
252 2931 278 2985 Χ
351 2931 523 2986 ἵκαλῶνΟ
545 2949 613 2987 corr.
659 2932 752 2986 rsiuus
825 2937 859 2986 10
883 2930 944 2986 ἐπεὶ
966 2859 1031 2984 adil.
1051 2929 1194 3000 Kiessling

170 3001 416 3130 χυλααιοίἰοίεἰτε
438 3001 441 3076 ἰ
462 3003 512 3057 καί
531 3005 597 3058 ante
616 3000 763 3072 Βρεττίους
782 3003 847 3057 add.
862 3001 981 3056 Ursinus
1042 3008 1074 3055 11
1095 3000 1193 3071 ἐστάλη

214 3091 283 3130 corr.
300 3074 418 3130 Ursinus
492 3079 525 3129 15
544 3024 656 3141 55⁵2qu
662 3074 685 3129 Ο
705 3073 773 3130 ἑλὼν
793 3073 916 3166 Sylburg
989 3079 1022 3127 17
1041 3022 1194 3143 προοηνεχη

171 3166 226 3202 καν
246 3145 268 3200 Ο
287 3165 309 3200 π
310 3146 508 3216 ροεισηνεχκαν
521 3146 626 3200 Reisks
676 3150 710 3200 18
727 3165 766 3200 τω
744 3143 874 3214 ὦνδριά
874 3143 989 3216 μβωνΟ
1009 3161 1078 3199 corr.
1093 3143 1194 3198 Portus

172 3222 207 3271 20
225 3168 383 3308 βουλόμην
397 3217 422 3272 V
399 3215 592 3344 χθουλοίμηυ
606 3217 632 3271 Β.
650 3219 679 3272 οὐ
693 3215 816 3287 Sylburg
826 3165 986 3342 ἐβουλόμην
1000 3217 1087 3272 edrtro
1102 3216 1195 3270 Kiess-

171 3288 300 3358 lingisns
326 3287 407 3344 ὁπότ’
449 3309 465 3344 ν
489 3285 642 3360 ἐβουλόμην
668 3303 720 3359 ego
755 3287 758 3358 ἰ
793 3288 842 3342 καί
862 3285 953 3344 τδνΡ
976 3288 1025 3342 καί
1043 3295 1099 3342 τῶν
1117 3286 1195 3341 BEV

172 3359 266 3414 καίτοι
284 3359 314 3412 Μ
386 3366 419 3414 22
444 3357 516 3428 πρὸς
537 3359 688 3422 τούτοιςΟ
714 3358 785 3428 πρὸς
806 3359 894 3432 τούτῳ
919 3358 1053 3430 Sylburg
1078 3359 1128 3413 ssd
1149 3374 1195 3412 ex-

173 3433 297 3500 σειρίου,
322 3433 355 3484 οἰ
379 3431 455 3486 idem
481 3430 604 3502 Sylburg
630 3433 706 3486 reete
732 3413 892 3499 admonuit‘,
926 3431 1045 3486 aliorum
1072 3429 1195 3484 virorum

173 3502 288 3556 nomina
307 3503 494 3570 suppressisse
512 3503 624 3558 videtur

981 3589 1034 3646 20‘
