2656 3932
154 145 195 210 78
582 145 737 194 -Ι-

150 268 285 355 ἐχθρῶν
311 270 420 353 δίκην,
447 269 555 346 ἄλλως
581 290 616 332 τε
643 268 699 333 καί
725 279 783 354 τῆς
810 268 858 345 είς
885 271 1034 353 χρήματα
1061 269 1175 351 ζημίας

151 376 380 461 εὐδιόρθωτον
407 373 547 461 έχοόσης
573 383 644 451 τοίς
673 377 862 441 πεπονθόσι
890 375 952 460 την
982 375 1173 460 συμφοράν·

111 487 132 551 6
151 484 233 569 ὅπερ
256 483 312 548 καλ
337 482 471 566 συνέβη.
516 481 668 548 ἁλόντων
690 483 755 568 γὰρ
783 493 851 548 τῶν
874 481 1009 566 ἀνδρῶν
1032 480 1175 568 ἐρήμους

151 591 210 667 τὰς
238 589 348 674 δίκας,
377 589 395 655 ό
425 612 461 654 τε
490 589 594 673 δῆμος
623 588 877 675 ἀγριαινόμενος
906 586 1087 672 ἐπαύσατο,
1119 589 1175 653 καὶ

121 705 221 773 ιτολς
257 696 437 782 δημάρχοις
473 694 581 763 ἐδόκει
617 719 667 773 τις
703 695 931 762 ἀποδεδόσθαι
967 697 1083 781 μετρία
1119 695 1175 760 καὶ

151 805 302 888 πολιτικὴ
326 806 484 888 βοήθεια,
513 812 583 880 τοίς
610 825 645 867 τε
669 803 811 889 ἀνδράσι
833 801 891 880 τὰς
914 802 1031 879 οὐσίας
1054 802 1087 868 ol
1113 823 1175 868 πα·

151 913 272 997 τρίκιοι
301 912 391 997 παρὰ
420 920 487 976 τῶν
517 909 741 995 ὠνησαμένων
771 908 807 976 ἐκ
836 918 896 976 τοῦ
927 909 1090 994 δημοσίου
1117 919 1176 993 της

65 1095 71 1108 ·
152 1018 225 1102 ἴσης
248 1017 428 1102 λυσάμενοι
450 1027 545 1101 τιμης
567 1016 744 1083 ἀπέδοσαν.
790 1017 845 1082 καί
872 1017 912 1082 τὰ
939 1016 1001 1099 μὲν
1028 1017 1176 1082 κατεπεί-

151 1149 254 1210 γοντα
295 1126 390 1191 δεινὰ
430 1133 551 1190 τοῦτον
591 1125 651 1190 τὸν
691 1126 817 1209 τρόπον
853 1122 1070 1209 χρησαμένων
1106 1132 1176 1199 τοῖς

108 1256 134 1296 ιο
152 1233 343 1318 πράγμασιν
366 1232 477 1298 αὐτῶν
500 1231 679 1297 διελέλυτο.

222 1337 404 1404 ΧΧΧΧΙΠ.
428 1335 512 1404 Μετ’
531 1338 572 1404 οὐ
596 1340 683 1404 πολὺ
709 1338 747 1404 δὲ
773 1338 875 1403 πάλιν
901 1349 969 1404 τῶν
997 1337 1176 1424 δημάρχων

151 1448 211 1512 τὸν
233 1445 319 1532 ὑπὲρ
342 1455 402 1512 τοῦ
428 1447 531 1528 νόμου
555 1446 782 1530 εἰσφερόντων
803 1447 904 1530 λόγον
926 1445 1103 1530 αἰφνιδίως
1125 1467 1175 1522 τις

153 1554 374 1638 ἀπαγγελείσα
391 1554 559 1634 πολεμίων
577 1548 701 1636 ἔφοδος
723 1550 778 1617 ἐπὶ
800 1553 950 1637 τὴντῶν
973 1551 1176 1617 Τυσκλάνων

152 1662 262 1742 πόλιν,
293 1661 381 1724 αίτία
410 1659 584 1736 κωλύσεως
614 1658 792 1744 ἀποχρῶσα
822 1657 962 1743 ἐγένετο.
1014 1668 1082 1724 τῶν
1111 1660 1175 1745 γὰρ
1184 1676 1261 1726 2104

109 1787 134 1828 ιι
157 1765 359 1832 Τυσκλάνων
385 1766 468 1830 κατὰ
494 1769 625 1850 πλῆθος
653 1765 701 1842 είς
727 1767 788 1850 τὴν
808 1762 933 1851 Ῥώμην
963 1764 1175 1851 ἀφικομένων

152 1873 207 1939 καὶ
231 1873 408 1957 λεγόντων,
438 1871 490 1938 ὅτι
512 1871 653 1954 δυνάμει
676 1877 782 1958 πολλῇ
806 1872 961 1959 πάρεισιν
984 1869 1035 1938 ἐπ’
1054 1873 1176 1950 αὐτοὺς

151 1979 295 2046 Αἰκανοί
324 1979 380 2045 καί
408 1980 470 2064 τὴν
499 1978 561 2062 μέν
590 1980 702 2065 χώραν
732 1979 843 2046 αὐτῶν
871 1980 936 2064 ἤδη
965 1979 1175 2065 διηρπάκασι,

151 2089 213 2172 την
240 2086 278 2152 δὲ
305 2089 415 2171 πόλιν,
445 2084 505 2152 ἐὰν
519 2065 578 2170 ομή
607 2109 657 2164 τις
686 2085 822 2171 γένηται
850 2096 963 2171 ταχεῖα
991 2085 1175 2172 ἐπικουρία,

152 2193 348 2279 φθάσουσιν
361 2192 456 2272 ἐντὸς
474 2193 598 2278 ὀλίγων
611 2194 744 2280 ημερῶν
758 2193 932 2280 ἀράμενοι,
949 2193 970 2278 ἡ
989 2192 1052 2276 μὲν
1069 2194 1175 2277 βουλὴ

108 2323 134 2363 εο
151 2305 231 2378 τοὺς
254 2299 402 2378 ὑπάτους
430 2299 544 2378 αὐτοῖς
572 2297 757 2385 ἐψηφίσατο
785 2303 928 2385 βοηθεῖν
956 2299 1175 2386 ἀμφοτέρους,

152 2409 185 2472 οί
208 2404 238 2472 δ’
255 2407 378 2472 ὕπατοι
398 2409 638 2492 στρατολογίαν
656 2407 841 2494 προθέντες
859 2405 1002 2474 ἐκάλουν
1020 2410 1099 2486 τοὺς
1116 2429 1176 2473 πο-

112 2517 133 2580 2
153 2516 244 2591 λίτας
266 2515 414 2591 ἅπαντας
436 2512 491 2580 ἐπὶ
513 2515 554 2579 τὰ
577 2510 671 2580 ὅπλα.
717 2513 848 2599 ἐγένετο
872 2514 934 2597 μὲν
957 2508 1021 2580 οὖν
1044 2538 1094 2592 τις
1120 2515 1175 2580 καί

153 2623 226 2686 τότε
249 2620 364 2698 στάσις
386 2619 653 2703 ἐναντιουμένων
675 2630 715 2707 τῇ
738 2631 934 2708 καταγραφῇ
959 2632 1026 2688 τῶν
1052 2622 1175 2708 δημάρ-

152 2753 220 2812 χων
238 2728 294 2794 καί
316 2729 375 2806 τάς
398 2726 434 2794 ἐκ
457 2738 524 2793 τῶν
542 2729 656 2810 νόμων
673 2730 831 2814 τιμωρίας
849 2729 889 2795 οὐ
909 2730 1175 2816 συγχωρούντων

109 2856 134 2896 ει
152 2843 323 2909 ποιεῖσθαι
350 2836 432 2901 κατὰ
459 2845 527 2901 τῶν
554 2834 801 2900 ἀπενθούντων·
832 2832 977 2921 ἔπραξαν
1005 2836 1035 2901 δ’
1060 2835 1174 2902 οὐθέν.

225 3053 241 3100 5
268 3045 365 3116 μετρία
391 3055 459 3117 γοῦν
484 3047 533 3100 καί
558 3046 686 3116 πολιτικὴ
712 3047 832 3117 δύναμις
859 3049 908 3102 καί
932 3047 954 3103 Ο
985 3050 1099 3118 praeter
1120 3047 1174 3101 AB

155 3123 188 3172 13
207 3117 488 3191 *ἀπαγγε<λθ>είσα
507 3117 553 3172 Bb
577 3116 692 3188 ἀγγελία
710 3119 735 3172 Α
757 3119 925 3188 ἀγγελθεῑσα
943 3120 969 3173 R
988 3120 1175 3188 ἀπαγγελεῖσα

154 3206 206 3259 ego
228 3189 263 3243 of.
282 3191 347 3243 Aar.
366 3190 462 3260 Progr.
481 3207 509 3258 p.
525 3195 558 3244 35
589 3191 592 3261 ᾖ
626 3199 682 3244 τῶν
706 3207 759 3244 om.
782 3190 804 3243 Β
878 3197 911 3245 15
935 3190 1008 3245 κατὰ
1031 3189 1127 3259 πλήθη
1151 3189 1174 3244 Ο

153 3261 306 3330 praeterB
376 3265 409 3315 19
428 3259 576 3330 αίράμενοι
593 3261 640 3314 Ba
664 3261 848 3334 <ἀ>ράμενοι
867 3262 909 3314 Bb
939 3263 942 3334 χ
974 3261 1062 3332 ἡμὲν
1081 3258 1174 3316 οόνΟ

154 3332 305 3401 ρευθλοεΑ
367 3338 400 3386 22
420 3328 471 3386 οόν
489 3352 531 3394 τις
549 3333 598 3386 καὶ
616 3330 714 3388 τότεΒ
734 3329 785 3387 οόν
804 3333 853 3386 καὶ
871 3330 932 3388 τότε
946 3334 971 3386 R
1036 3337 1069 3386 25
1089 3331 1175 3400 ἔπρα-

155 3403 254 3476 ξ<ε>ν
274 3402 296 3457 Ο
320 3401 444 3472 ἔπραξαν
463 3403 566 3460 Reiske
