2654 3916
569 254 604 262 -
641 226 687 278 ῙΘ
724 255 759 262 -
1109 226 1174 292 301

151 350 294 435 ξάμενον
331 348 453 436 ἑτέρων
490 349 651 433 σωμάτων
687 349 747 414 εἴτ’
773 349 937 436 ἀργύριον
970 347 1041 416 κατ’
1068 351 1176 438 ἀνδρα

151 458 322 544 ὁρίσαντα,
340 456 396 522 καί
414 455 674 522 ἀποδεικνύουσι
691 455 846 543 πρέσβεις
859 457 963 523 Γάιον
981 460 1176 545 Φαβρίκιον,

151 565 188 642 ὃς
221 562 362 653 ἐνιαυτῷ
394 565 494 652 τρίτφ
526 565 690 650 πρότερον
717 563 894 630 ὑπατεύων
921 567 1091 644 Σαυνίτας
1120 566 1176 632 καί

150 673 347 748 Λευκανούς
369 671 425 736 καί
445 672 624 757 Βρεττίους
646 669 779 756 ἐνίκησε
801 671 958 756 μεγάλαις
979 671 1097 756 μάχαις
1120 673 1176 739 καί

150 779 213 863 τὴν
234 779 390 862 Θουρίων
412 779 610 864 πολιορκίαν
632 775 745 863 ἔλυσε,
767 779 824 844 καί
846 780 995 845 Κόιντον
1016 780 1176 862 Αἰμίλιον
1208 800 1220 840 ι

150 887 212 951 τὸν
235 881 445 970 συνάρξαντα
471 895 517 971 τῷ
544 887 715 974 Φαβρικίῳ
742 885 798 952 καί
824 887 886 970 τὴν
908 887 1090 971 ἡγεμονίαν
1114 896 1175 952 τοῦ

156 997 366 1078 Τυρρηνικοῦ
389 990 537 1073 πολέμου
560 994 698 1077 σχόντα,
720 993 776 1058 καί
800 994 955 1059 Πόπλιον
973 996 1176 1079 Κορνήλιον,

152 1097 189 1176 ὃς
212 1096 353 1184 ἐνιαυτῷ
376 1098 519 1186 τετάρτῳ
540 1101 705 1185 πρότερον
722 1098 899 1165 ὑπατεύων
917 1103 1056 1166 Κελτῶν
1074 1096 1176 1178 έθνος

152 1205 244 1289 δλον,
271 1206 350 1283 τούς
377 1203 604 1288 καλουμένους
629 1205 788 1284 Σένωνας
813 1204 991 1292 ἐχθίστους
1009 1205 1176 1290 Ῥωμαίων

71 1327 141 1378 2345
151 1311 261 1397 ὄντας,
279 1317 434 1395 πολεμῶν
450 1312 597 1390 ἅπαντας
613 1313 743 1398 ἡβηδὸν
758 1310 972 1398 κατέσφαξεν.
1004 1310 1055 1400 (6)
1073 1308 1176 1380 Οὗτοι
1194 1287 1220 1415 12⁰

151 1420 235 1506 πρὸς
267 1419 410 1506 Πύρρον
442 1419 640 1505 ἀφικόμενοι
671 1420 727 1486 καί
759 1419 1006 1506 διαλεχθέντες,
1040 1420 1103 1486 ὅσα
1134 1430 1174 1506 τῇ

151 1526 287 1617 τοιαύτῃ
316 1527 412 1616 χρείᾳ
441 1528 620 1612 πρόσφορα
648 1523 702 1612 ἦν,
734 1527 779 1606 ὡς
808 1525 1012 1614 ἀτέκμαρτον
1040 1535 1175 1614 πρᾶγμα

151 1633 233 1718 τύχη
256 1633 313 1698 καί
335 1642 463 1719 ταχεῖαι
484 1643 552 1698 τῶν
570 1633 724 1717 πολέμων
743 1635 778 1700 αί
795 1634 915 1721 τροπαί
933 1633 1075 1700 καὶτῶν
1093 1651 1175 1717 συμ-

151 1739 347 1825 βησομένων
379 1739 481 1806 οὐδέν
513 1737 709 1827 ἀνθρώποις
740 1741 931 1828 προειδέναι
959 1739 1088 1831 ῥᾴδιον,
1120 1737 1171 1807 ἐπ’

152 1845 267 1937 έκείνφ
304 1848 365 1933 τὴν
397 1849 594 1935 προαίρεσιν
628 1846 776 1934 ἐποίουν,
814 1848 873 1915 εἴτ’
899 1849 1063 1935 ἀργύριον
1099 1845 1176 1914 ἀντί
1194 1868 1220 1909 ιι

151 1965 220 2021 τῶν
237 1955 452 2041 αίχμαλύτοιν
468 1953 625 2039 ἐβούλετο
644 1959 760 2040 λαβεῖν
777 1956 842 2021 είτε
860 1954 994 2042 ἑτέρους
1013 1956 1176 2040 αἰχμαλώ-

151 2083 238 2138 τους.
284 2060 336 2148 (7)
360 2063 499 2150 Πύρρος
521 2062 560 2128 δὲ
581 2063 662 2145 μετὰ
685 2072 753 2126 τῶν
776 2064 886 2145 φίλων
908 2061 1214 2144 βουλευσάμενος3

153 2151 367 2254 ἀποκρίνεται
390 2168 468 2234 τάδε
491 2168 617 2245 αύτοῖς·

224 2273 387 2358 Σχέτλιόν
416 2297 449 2339 τι
477 2283 612 2360 πρᾶγμα
641 2283 779 2359 ποιεῖτε,
811 2269 837 2340 ἀ
868 2274 988 2360 ἀνδρες
1014 2271 1175 2358 Ῥωμαῖοι,

153 2381 271 2464 φιλίαν
293 2380 355 2463 μέν
378 2381 420 2446 ού
443 2382 645 2464 βουλόμενοι
667 2381 815 2462 συνάψαι
836 2383 921 2467 πρὸς
943 2379 1014 2466 έμέ,
1037 2382 1115 2458 τοὺς
1138 2380 1176 2446 δὲ
1193 2401 1220 2441 so

153 2485 295 2564 ἁλόντας
321 2487 404 2552 κατὰ
430 2489 576 2570 πόλεμον
604 2485 774 2566 ἀξιοῦντες
802 2489 995 2573 ἀπολαβεῖν,
1023 2488 1079 2554 ἵνα
1106 2497 1176 2565 τοῖς

154 2594 268 2672 αὐτοῖς
299 2595 430 2672 τούτοις
462 2595 612 2678 σάμασιν
644 2596 693 2672 είς
723 2596 783 2661 τὸν
814 2592 884 2661 κατ’
912 2593 993 2679 έμοῦ
1030 2597 1175 2678 πόλεμον

153 2699 247 2788 ἔχητε
268 2707 424 2788 χρῆσθαι.
461 2700 533 2767 ἀλλ’
550 2703 580 2768 εί
602 2703 643 2767 τά
665 2702 823 2788 κράτιστα
845 2703 1052 2786 βουλεύεσθε
1074 2701 1216 2788 πράτ-4

153 2831 223 2874 τειν
241 2809 297 2874 καί
318 2809 357 2875 τὸ
379 2817 476 2895 κοινῇ
500 2808 674 2896 συμφέρον
693 2808 894 2895 ἀμφοτέροις
915 2810 996 2894 ἡμῖν
1014 2817 1175 2891 σκοπεῖτε,

153 2916 367 3000 σπεισάμενοι
389 2917 449 2982 τὸν
467 2917 613 2998 πόλεμον
631 2917 691 2981 τὸν
714 2917 797 3001 πρὸς
819 2914 876 2999 ἐμὲ
898 2915 1055 2992 καὶτοὺς
1077 2911 1176 2997 ἐμοὺς
1194 2933 1220 2975 ει

226 3062 242 3110 2
270 3053 454 3112 ἀποδείκνυσι
479 3055 502 3111 Ο
531 3073 600 3111 corr.
625 3055 729 3112 Reiske
815 3060 831 3109 9
857 3053 924 3110 δλου
946 3055 972 3109 V
1006 3055 1010 3127 λ
1043 3051 1177 3117 Σένυνας

153 3125 272 3182 Ursinus
290 3125 409 3190 Νέωνας
422 3127 449 3182 V
461 3123 598 3190 Νίωννας
612 3126 635 3180 Ε
650 3123 764 3190 Γέοικας
776 3127 834 3180 ΜΡ
851 3127 887 3182 of.
902 3125 990 3181 Cobet
1004 3125 1069 3181 Obs.
1084 3144 1112 3196 p.
1123 3131 1175 3181 216

156 3203 189 3252 10
208 3195 317 3272 πολέμου
331 3199 472 3269 κρατήσας
486 3197 615 3261 ἅπαντας
633 3215 656 3253 ο.
671 3198 775 3254 Reisks
832 3203 866 3252 13
884 3195 1029 3254 πύλευνΟ
1048 3195 1175 3268 πολέμων

153 3269 272 3324 Ursinus
353 3277 386 3326 15
409 3267 573 3339 προαίρεσιν
597 3269 619 3325 O
644 3269 754 3338 αίρεσιν
779 3269 939 3340 Stephanus
964 3267 999 3325 cf.
1017 3268 1082 3322 XIX
1101 3274 1175 3336 14‚3

155 3343 208 3410 (18.
228 3343 255 3410 9)
274 3343 303 3396 et
322 3339 451 3398 thusler
468 3340 693 3396 Animadv.163
723 3341 726 3412 Ι
757 3341 892 3411 ἀργύριον
910 3341 1004 3396 αὐτῶν
1023 3341 1046 3396 Ο
1065 3341 1092 3394 ἀ.
1112 3340 1176 3395 ἀντὶ

154 3428 177 3465 ο.
192 3410 311 3466 Ursinus
383 3418 417 3468 23
437 3412 524 3484 ἔχοιτε
544 3412 566 3467 0
585 3411 664 3483 έχητε
682 3412 801 3467 Ursinus
831 3414 834 3485 λ
863 3413 1049 3485 βουλεύεσθαι
1068 3411 1091 3466 Ο
1110 3412 1176 3483 βου-

154 3483 269 3538 λεύεσθε
287 3481 406 3537 Ursinus
424 3485 559 3556 βούλεσθε
579 3483 702 3555 Sylburg
