2656 3932
590 169 623 178 -
661 143 701 193 ιε
739 170 772 178 -
1128 143 1191 208 135

174 268 257 332 ἴσων
283 289 319 331 τε
348 266 403 331 καί
432 268 632 352 κρειττόνων
662 266 763 356 ἄρχης
790 265 856 331 ὑπὸ
883 276 951 331 τών
978 267 1129 350 ἡττόνων
1157 289 1192 330 τε

172 375 228 439 καί
255 375 420 439 κακιόνων
447 375 617 458 ἄρχεσθαι.
663 374 770 438 πολλὰ
799 372 854 437 καί
881 373 958 458 περί
984 378 1118 438 πολλῶν
1145 369 1233 439 ἐτι4

174 497 227 547 σοι
264 479 374 564 λέγειν
410 481 614 562 βουλόμενος
650 479 746 545 ὀκνῶ.
801 481 831 544 εί
866 480 928 563 μὲν
963 482 1028 565 γὰρ
1065 478 1119 546 ἐπί
1153 481 1193 545 τὰ

173 589 309 674 κρείττω
333 587 543 670 βουλεύματα
565 585 583 651 ὁ
607 587 688 663 θεὸς
711 587 783 670 όίγει
807 603 859 672 σε,
887 587 1068 653 καὶταῦτα
1091 589 1192 652 πλείω

173 707 241 760 τών
266 695 389 760 ίκανών
412 694 541 779 είρηκα,
569 694 599 758 εί
624 692 654 757 δ’
672 691 727 758 ἐπὶ
754 695 795 758 τδ
821 695 935 779 χείρω,
959 695 1112 778 διακενῆς
1138 694 1193 759 καί
1226 719 1238 758 ε

173 804 214 868 τδ
246 803 345 867 λοιπδ
377 799 450 886 ἐρῶ.
501 796 604 884 ἔχετε,
636 794 661 864 ώ
694 803 815 884 βουλη,
847 799 902 864 καὶ
933 799 1026 883 ὑμεῖς
1054 803 1087 866 οἱ
1114 822 1194 887 προ-

91 927 162 977 2191
174 910 345 993 εστηκότες
368 919 425 993 τῆς
448 909 588 991 πόλεως,
611 907 673 990 την
693 905 776 990 ἐμὴν
799 907 935 992 γνώμην
957 909 1013 973 καί
1035 909 1112 994 περί
1134 917 1193 973 τοῦ

173 1015 320 1098 πολέμου
352 1024 409 1100 τῆς
440 1015 648 1091 καταλύσεως
679 1013 734 1078 καί
766 1014 842 1098 περί
871 1025 939 1079 τῶν
968 1013 1006 1080 ἐν
1032 1024 1072 1100 τῇ
1100 1017 1195 1081 πόλει

173 1124 336 1209 θορύβων
362 1132 420 1207 τῆς
443 1119 713 1206 ἐπανορθώσεως.
760 1121 790 1186 εί
813 1120 853 1186 δέ
872 1143 922 1198 τις
945 1120 1040 1208 ἕτερα
1065 1122 1194 1187 τούτων

174 1231 310 1314 κρείττω
334 1227 417 1314 ἐρεῖ,
440 1229 481 1293 τὰ
503 1227 657 1311 βέλτιστα
679 1227 810 1293 νικάτω.
1215 1253 1240 1292 ιο

245 1335 316 1401 XV.
336 1334 467 1401 Τοιαῦτ’
482 1335 635 1411 εἰπόντος
652 1335 827 1400 Κλαυδίου
850 1335 906 1400 καί
928 1336 1056 1419 πολλὴν
1077 1334 1195 1401 ἐλπίδα

173 1455 219 1529 τῷ
257 1443 422 1530 συνεδρίω
461 1443 705 1527 παρασχόντος,
746 1442 790 1519 ὡς
826 1439 1092 1526 ἀποβησομένων
1128 1453 1195 1508 τῶν

175 1549 255 1614 δέκα
277 1550 339 1632 τὴν
362 1541 477 1633 ἀρχήν,
496 1545 637 1625 ’Ἁππιος
661 1549 723 1631 μὲν
745 1551 829 1634 πρὸς
850 1557 954 1614 ταῦτα
976 1549 1079 1615 οὐδέν
1100 1548 1155 1633 ἠξί
1181 1587 1195 1597 -

175 1672 235 1721 σεν
267 1657 386 1722 εἰπεῖν·
419 1653 460 1734 ἐκγ
487 1656 525 1720 δέ
556 1666 624 1720 τῶν
656 1657 767 1720 ἄλλων
799 1655 986 1742 ὀλιγαρχεῖν
1018 1657 1196 1742 προελθὼν

174 1767 363 1847 Κορνήλιος
392 1762 544 1847 Μάρκος·
571 1759 685 1845 Ἡμεῖς
714 1761 786 1846 μέν,
816 1759 950 1848 ἔφησεν,
981 1759 1006 1830 ώ
1037 1765 1196 1847 Κλαύδιε,
1216 1785 1240 1825 ιι

174 1870 251 1956 περί
273 1880 341 1935 τῶν
361 1871 456 1936 ἰδίων
477 1872 719 1954 συμφερόντων
742 1869 837 1935 αὐτοί
861 1871 1117 1954 διαγνωσόμεδα
1139 1882 1197 1955 τῆς

175 1987 235 2061 σῆς
264 1977 366 2043 οὐδὲν
396 1978 548 2060 δεόμενοι
576 1980 709 2061 βουλῆς.
758 1977 814 2042 καί
840 1978 905 2062 γὰρ
931 1979 1060 2061 ἡλικίας
1089 1975 1126 2042 ἐν
1155 1987 1195 2062 τῇ

176 2085 409 2174 φρονιμωτάτη
445 2081 554 2167 ἐσμέν,
595 2084 679 2148 ὥστε
719 2083 823 2166 μηδὲν
859 2095 927 2148 τῶν
966 2085 1197 2168 διαφερόντων

175 2190 321 2274 ἀγνοεῖν,
351 2191 407 2256 καί
437 2191 547 2275 φίλων
574 2188 614 2254 οὗ
644 2191 853 2274 σπανίζομεν,
883 2181 948 2274 οἷς,
978 2188 1037 2255 ἐόν
1066 2213 1098 2254 τι
1127 2189 1196 2280 δέη,

176 2297 379 2380 συμβούλοις
415 2299 616 2382 χρησόμεθα.
674 2304 799 2361 παῦσαι
836 2297 877 2382 δὴ
916 2305 1051 2381 πρᾶγμα
1090 2271 1241 2399 ποιώνὲο

176 2405 297 2490 ἄωρον,
335 2403 419 2488 ἀνὴρ
456 2403 681 2489 πρεσβύτερος
721 2403 762 2468 οὐ
800 2403 970 2486 δεομένοις
1006 2407 1197 2489 συμβουλῆς

176 2513 308 2595 γνώμας
338 2509 627 2592 ἀποδεικνύμενος.
680 2519 725 2598 τῷ
752 2507 876 2598 Ἀππίφ
899 2510 937 2592 δ’
962 2511 995 2576 εί
1021 2534 1053 2576 τι
1082 2512 1197 2594 βούλει

176 2627 353 2704 παραινεῖν
370 2617 391 2702 ἢ
412 2617 641 2702 λοιδορεῖσθαι
656 2653 698 2674 -,-
712 2625 810 2682 τοῦτο
829 2619 894 2702 γδρ
912 2615 1139 2703 ἀληθέστερον
1153 2657 1197 2666 -

95 2725 257 2792 21925wv
287 2723 425 2814 ἐξέλθῃς
455 2721 491 2789 ἐκ
520 2733 580 2788 τοῦ
611 2724 806 2810 συνεδρίου,
837 2726 1025 2816 λοιδορηση.
1070 2734 1135 2790 νῦν
1164 2725 1194 2789 δ’

176 2831 261 2917 ὑπὲρ
284 2839 344 2896 τοῦ
368 2832 451 2918 πρὸς
473 2831 643 2908 Αἰκανοὺς
665 2829 720 2896 καί
743 2833 915 2914 Σαβίνους
937 2831 1098 2914 πολέμου,
1122 2833 1197 2917 περί
1216 2851 1241 2891 2⁵

178 2933 218 3003 οὗ
242 2938 397 3023 κέκλησαι
420 2938 556 3022 γνώμην
579 2936 847 3022 ἀποδειξόμενος,
871 2939 889 3003 δ
913 2961 944 3002 τι
968 2955 1021 3003 σοι
1044 2939 1197 3022 φαίνεται

250 3120 267 3167 4
284 3111 369 3168 πλείω
387 3121 476 3168 ταῦτα
495 3130 517 3168 ο.
532 3112 636 3167 Reiske
705 3118 738 3166 14
757 3112 942 3184 *ὀλιγαρχιῶν
961 3113 1039 3168 LMV
1058 3113 1197 3184 ὀλιγαρχι-

179 3191 237 3238 κῶν
254 3185 337 3255 vulgo
358 3184 400 3240 όλι
418 3193 512 3254 αρχών
531 3201 583 3255 ego
602 3185 637 3238 of.
656 3182 695 3237 XI
714 3190 756 3250 39,
772 3189 801 3250 λς
820 3190 863 3250 43,
879 3190 908 3252 4;
927 3190 1001 3250 46,ό
1063 3191 1094 3238 1‘1
1115 3184 1145 3239 ἐν
1163 3189 1197 3256 τῇ

180 3206 417 3332 φρονιμωτάτηίδ
443 3255 474 3311 ἐν
498 3261 536 3327 τῷ
558 3254 759 3325 φρονιμωτότω
786 3254 890 3310 Βωὶελεε
918 3255 953 3309 cf.
977 3255 1120 3326 Kiessling
1143 3255 1198 3309 Zur

179 3325 274 3380 Kritik
292 3332 351 3396 μδ
419 3333 452 3382 21
473 3327 593 3396 ἀνδράσι
610 3307 806 3398 πρεσβυτέροις
825 3344 847 3381 ο.
863 3325 1006 3396 Kiessling
1073 3333 1107 3382 26
1127 3327 1196 3380 ἀπο-

180 3397 341 3467 δειξόμενος
358 3399 437 3452 LVM
