2654 3916
164 199 230 264 266
582 230 615 238 -
653 202 697 252 ΙΕ
735 229 768 238 -

163 325 266 414 ῄεσαν
289 324 403 402 αύτούς
425 323 599 411 ὁσημέραι,
626 325 682 390 καί
708 325 781 412 χείρ
809 323 940 409 ἐγένετο
962 327 1040 412 περὶ
1062 326 1185 404 αὐτοὺς

162 431 317 517 καρτερά·
353 428 465 497 ἔπειτα
495 433 536 498 τά
568 433 775 518 δεσμωτήρια
806 432 973 518 ἁπάντων,
1009 434 1072 500 ὅσα
1102 435 1185 500 κατὰ

162 540 241 616 τοὺς
264 538 388 624 άμροὺς
409 535 463 623 ἦν,
486 536 600 604 ἐλύετο
623 539 679 606 καί
702 538 956 626 συνέρρει
987 539 1095 606 Εεοον.

233 642 306 710 IIII.
337 646 379 710 Οἱ
406 645 445 711 δέ
472 655 539 711 τῶν
561 643 728 728 Ῥωμαίων
754 646 876 714 ὑπατοι
902 656 1015 714 πᾶσαν
1041 648 1102 732 τὴν
1129 670 1185 730 με·

131 749 242 830 ιταξὺ
274 762 339 837 μην
369 748 474 830 ἀδεῶς
506 753 700 830 διελθόντες
731 763 799 819 τῶν
830 754 892 838 μέν
922 754 984 820 οὐκ
1013 752 1185 820 ἐναντιου-

161 858 282 943 μένων,
314 869 382 925 τῶν
411 859 450 925 δέ
481 862 813 945 συμπροπεμπόντων
842 899 884 909 -
913 861 1034 928 πολλαί
1063 858 1094 926 δ’
1119 862 1185 926 είσλ

162 967 346 1051 δυσχωρίαι
372 968 455 1033 κατὰ
482 968 544 1052 την
571 965 608 1033 ἐκ
630 965 753 1052 Ῥώμης
779 969 827 1045 εἰς
854 970 1057 1052 Καμπανίαν
1084 969 1185 1052 άχου-

162 1088 226 1138 σαν
249 1071 332 1138 ὁδὸν
354 1073 450 1159 όρεσί
469 1096 505 1140 τε
527 1074 583 1141 καί
605 1073 742 1158 τέλμασι
763 1075 820 1140 καί
841 1075 1023 1152 θαλάτταις
1044 1075 1100 1142 καί
1125 1097 1185 1142 πο-

161 1187 277 1262 ταμοῖς
307 1182 525 1267 ναυσιπόροις
557 1182 815 1266 διακλειόμεναι,
847 1181 886 1259 ἃς
918 1181 959 1248 οὐ
992 1180 1111 1271 ῥᾴδιον
1140 1179 1185 1268 ἦν

117 1259 144 1388 12⁰
162 1286 313 1353 διελθεῖν
335 1287 402 1354 ὑπὸ
424 1298 493 1355 τῶν
515 1291 683 1371 πολεμίων
703 1290 1040 1375 προκαταληφθείσας
1061 1327 1106 1338 -
1128 1293 1187 1356 καί

161 1417 237 1460 τινα
266 1395 322 1461 καί
349 1397 510 1480 ποταμόν,
539 1395 577 1473 ὃς
605 1397 662 1462 διδ
688 1406 746 1481 της
773 1399 967 1462 Κασιλίνων
993 1397 1102 1482 χώρας
1128 1397 1185 1462 καλ

162 1503 289 1580 πόλεως
312 1501 462 1588 φέρεται,
484 1502 662 1588 τριάκοντα
684 1513 742 1588 τῆς
761 1503 903 1587 Καπύης
925 1502 1090 1589 ἀπέχοντα
1109 1505 1184 1570 στά-

163 1609 233 1692 δια,
265 1608 501 1695 Οὐολτοῦρνον
527 1609 648 1694 ὄνομα,
674 1611 842 1697 τεττάρων
869 1610 931 1676 οὐκ
957 1608 1079 1677 ἐλάττω
1107 1609 1185 1676 πλέ-

162 1723 260 1801 θρων
287 1715 368 1780 ὄντα
395 1716 433 1781 τὸ
460 1715 597 1800 πλάτος,
625 1715 742 1808 ξυλίνῃ
769 1717 902 1805 γεφύρᾳ
925 1717 1114 1802 διαβάντες,
1140 1719 1185 1802 ἣν

117 1841 143 1882 ιι
162 1821 200 1889 έν
232 1822 328 1908 τρισλ,
352 1822 597 1888 κατεσκεύασαν
628 1823 779 1910 ἡμέραις,
812 1821 994 1914 διεξῄεσαν,
1027 1825 1083 1890 ἵνα
1114 1834 1185 1903 τοίς

160 1929 222 2012 μὲν
251 1930 292 1995 τὰ
322 1927 466 2015 σφέτερα
495 1938 663 2015 φρονοῦσι
689 1934 887 2014 Καμπανολς
916 1931 1045 2016 θάρσος
1072 1931 1117 2008 ὡς
1143 1933 1185 1996 τά

160 2036 319 2124 κράτιστα
349 2035 593 2127 προῃρημένοις
624 2036 812 2124 ἐγγένηται,
848 2046 918 2114 τοῖς
954 2036 992 2104 δέ
1023 2033 1185 2103 τάναντία

121 2145 142 2210 3
161 2144 244 2223 δέος.
281 2143 337 2210 καί
354 2145 581 2230 προελθόντες
598 2143 750 2212 ἐπέκεινα
767 2155 826 2231 της
844 2146 971 2221 πόλεως
989 2143 1054 2209 ἀπὸ
1074 2166 1185 2210 τεττα-

162 2252 305 2338 ράκοντα
328 2252 474 2317 σταδίων
497 2252 639 2338 Καπύης
661 2252 981 2338 στρατοπεδεύονται
1005 2250 1044 2318 έν
1065 2251 1184 2338 ὑψηλῷ

116 2381 143 2420 εο
160 2361 250 2446 τόπῳ
273 2357 393 2436 θέντες
414 2359 475 2424 τὸν
495 2358 636 2446 χάρακα,
660 2357 747 2426 ἔνθα
768 2358 992 2442 ὑπομένοντες
1013 2359 1072 2436 τδς
1095 2360 1185 2444 παρά

161 2471 340 2532 Σαυνιτῶν
364 2464 487 2551 ἀγοράς
512 2489 548 2530 τε
573 2467 630 2532 καλ
657 2469 843 2552 συμμαχίας
870 2463 1105 2551 ἐκαραδόκουν.
1151 2467 1185 2530 ολ

162 2571 192 2636 δ’
218 2573 283 2658 άρα
314 2571 540 2657 ὑπισχνοῦντο
572 2573 634 2656 μέν
666 2574 780 2651 αὑτοῖς
811 2575 913 2639 πλείω
948 2582 1016 2638 τῶν
1049 2573 1184 2656 ἱκανῶν,

161 2678 330 2766 ἐπήρκουν
357 2677 388 2743 δ’
411 2678 512 2745 οὐδέν
539 2680 595 2746 ὅτι
617 2681 673 2746 καλ
700 2683 803 2766 λόχου
832 2677 936 2764 ἄξιον,
966 2680 1124 2765 στρατιάν
1150 2679 1181 2744 τ’

162 2785 309 2874 ἀγείρειν
346 2784 382 2852 ἐκ
417 2787 524 2871 πάσης
560 2788 687 2865 πόλεως
728 2789 949 2873 σκηπτόμενοι
988 2785 1185 2872 κατέτριβον

234 3041 247 3087 1
272 3034 322 3088 καί
345 3034 405 3104 χείρ
428 3033 489 3089 Εεε.
515 3035 588 3089 teste
610 3034 718 3089 Pedem
742 3033 792 3088 καλ
815 3034 869 3105 χδιρ
891 3036 964 3089 teste
982 3033 1114 3101 Millero,
1134 3033 1184 3102 qui

160 3108 225 3174 post
239 3105 292 3175 γὰρ
306 3105 393 3160 verbs
407 3105 544 3160 excidisse
558 3108 654 3161 censet
713 3111 729 3160 2
743 3103 792 3161 ὑπ’
805 3107 899 3160 αὐτῶν
913 3105 974 3160 Euo.
989 3107 1062 3160 teste
1076 3104 1183 3159 Fsdsro

160 3177 293 3231 ὑπόντων
315 3179 388 3231 teste
412 3177 544 3243 Mtfflsro,
565 3178 615 3247 qui
633 3177 767 3233 ἁπάντων
786 3177 900 3246 scripsit
972 3182 1004 3230 11
1025 3177 1184 3248 βασιληνῶν

160 3247 222 3301 Εεε.
286 3252 319 3300 18
339 3248 518 3315 ούατουρνῶν
536 3248 598 3303 Εεο.
662 3255 695 3303 15
715 3246 854 3315 διεξίεσαν
872 3249 933 3302 Εεε.
996 3253 1030 3302 23
1050 3247 1184 3316 στρατιάν

160 3338 189 3372 τε
207 3317 262 3388 γὰρ
280 3318 342 3374 Esc.
362 3319 494 3387 στρατιάν
512 3317 538 3373 τ’
555 3317 678 3390 ἀγείρειν
696 3321 787 3375 Foder
858 3325 893 3374 24
916 3318 947 3374 ἐκ
968 3318 1060 3388 πάσης
1078 3315 1185 3380 πόλεως

161 3391 197 3515 οξ.
206 3388 325 3516 t{Jacoby
346 3391 412 3445 Asr.
434 3390 530 3460 Progr.
554 3408 582 3460 p.
600 3396 634 3445 23
669 3392 672 3462 i
706 3394 771 3460 post
795 3388 901 3454 πόλεως
924 3391 1057 3446 lacunam
1081 3389 1185 3444 Misslsr

161 3477 206 3515 sa
