2654 3916
154 210 220 276 238
526 239 559 246 -
597 211 647 261 ιι.
676 210 731 262 IH.
770 238 803 246 -

153 337 265 418 μόνες·
295 333 314 399 δ
344 334 383 400 δὲ
411 335 473 419 την
502 335 602 400 πόλιν
630 331 751 412 ἐξελὼν
777 333 834 398 καί
862 333 924 418 τὴν
953 334 1091 417 γνώμην
1119 343 1178 418 τῆς

154 442 340 527 ἀποστολῆς
362 451 430 508 τῶν
452 441 648 527 κληρούχων
673 440 932 525 εἰσηγησάμενος
954 439 1035 506 ούδέ
1056 440 1179 524 ταύτης

114 547 244 628 3ἀξιος
276 546 384 634 ἐφάνη
415 558 474 633 τῆς
504 557 607 633 τιμῆς.
659 545 732 633 (18)
764 549 809 612 Εί
840 547 902 631 μέν
932 541 995 614 ούν
1025 547 1179 632 σώφρονι

154 661 300 742 λογισμῷ
336 656 378 720 τὰ
414 653 588 738 συμβάντα
622 655 741 738 ἤνεγκε
777 654 833 720 καί
868 655 906 720 τὸ
940 654 1086 739 χαλεπὸν
1117 662 1178 718 τοῦ

123 763 335 848 εσυνεδρίου
368 763 479 845 λόγων
509 783 545 826 τε
576 761 632 826 καί
664 757 773 846 ἔργον
801 771 955 846 χρηστῶν
983 762 1179 845 θεραπείαις

154 867 331 956 ἐπράυνεν,
366 867 522 951 οὐδεμιᾶς
554 866 645 947 (ἂν)
677 865 726 932 ἔτι
758 877 934 954 συμφορᾶς
966 869 1014 945 είς
1045 866 1179 949 ἀτιμίαν

155 977 323 1063 φερούσης
349 973 520 1059 ἐπειράθη.
565 983 632 1040 νῦν
659 975 691 1039 δ’
712 974 909 1058 ἀγανακτῶν
930 975 986 1040 καί
1009 973 1178 1059 ἀντιχαλε-

154 1085 284 1150 παίνον
311 1083 369 1160 τάς
395 1082 426 1147 τ’
452 1082 615 1167 ὠφελείας
641 1080 681 1158 ἀς
708 1078 828 1165 ἔλαβεν
855 1080 892 1147 ἐκ
918 1092 986 1148 τῶν
1010 1083 1179 1164 πολεμίων
1187 1099 1263 1150 2³36

155 1189 283 1268 ἁπάσας
300 1200 371 1267 τολς
389 1189 603 1274 στρατιώταις
620 1185 807 1274 ἐχαρίσατο,
820 1189 876 1254 καί
894 1189 975 1274 πρίν
994 1187 1179 1273 ἀποσταλῆ-

110 1319 136 1358 ιο
154 1321 211 1363 ναι
228 1298 288 1363 τὸν
307 1296 466 1382 διάδοχον
483 1305 542 1380 τῆς
560 1294 662 1381 ἀρχῆς
681 1295 847 1361 ἀπέλυσεν
865 1294 931 1360 ἀπὸ
949 1305 1017 1361 τῶν
1033 1295 1179 1380 σημείων

153 1406 212 1482 τάς
239 1403 412 1488 δυνάμεις,
434 1383 491 1468 καί
513 1407 677 1468 τελευτῶν
699 1401 740 1467 ὃν
763 1403 840 1468 ούτε
862 1403 883 1487 ἡ
906 1403 1013 1487 βονλη
1037 1403 1136 1481 <ούτε
1160 1400 1178 1468 ὁ

154 1512 279 1596 δῆμος)
289 1511 522 1595 συνεχώρησεν
536 1508 625 1595 αὐτῷ
639 1510 811 1594 θρίαμβον
823 1509 888 1575 ἀπὸ
897 1519 956 1594 τῆς
964 1507 1085 1575 ἑαυτοῦ
1095 1508 1178 1593 γνώ-

113 1619 135 1682 4
154 1643 216 1703 μης
234 1621 427 1702 κατήγαγεν.
460 1615 514 1701 ἐφ’
531 1607 582 1693 οίς
600 1616 724 1681 ἅπασιν
743 1613 791 1682 ἔτι
809 1618 959 1700 μείζονος
974 1614 1007 1694 ἐξ
1021 1615 1179 1682 ἁπάντων

154 1727 273 1808 μίσους
291 1723 514 1800 ἐκκαυθέντος
532 1723 598 1806 ἅμα
616 1734 662 1809 τῷ
681 1723 891 1808 παραδοῦναι
909 1724 971 1807 τὴν
990 1722 1096 1808 ἀρχὴν
1108 1732 1179 1800 τολς

111 1851 136 1892 ιε
154 1829 230 1914 μεθ’
249 1829 370 1896 ἑαυτὸν
387 1829 526 1906 ὑπάτοις
550 1831 597 1906 είς
620 1830 718 1914 δίκην
740 1829 902 1914 ὑπάγεται
925 1831 1089 1914 δημοσίαν
1111 1828 1178 1896 ὑπὸ
1198 1907 1210 1932 ι

155 1938 250 2004 δυείν
269 1937 456 2024 δημάρχων.
491 1936 547 2002 καί
566 1936 809 2022 κατηγορηθείς
827 1934 864 2002 ἐν
882 1947 928 2023 τῷ
947 1937 1040 2024 δήμφ
1059 1935 1179 2014 πάσαις

154 2055 226 2123 ταίς
244 2050 368 2130 φνλαλς
385 2045 626 2130 κατακρίνεται,
642 2045 765 2128 τίμημα
784 2052 841 2127 τῆς
860 2044 1066 2128 εἰσαγγελίας
1084 2042 1178 2129 ἐχού·

155 2169 215 2238 σης
237 2152 439 2239 χρηματικὸν
462 2149 560 2216 πέντε
582 2151 746 2238 μυριάδας
769 2149 942 2236 ἀργυρίου.
984 2151 1084 2217 Vale&

227 2281 243 2329 6
267 2271 304 2328 ἀν
329 2273 472 2343 Kiessling
497 2272 611 2327 addidit
683 2279 716 2327 11
740 2269 774 2327 δν
797 2271 856 2343 ἥκει
868 2272 964 2415 βουλὴ
987 2272 1178 2342 συνεχώρησεν

155 2346 257 2400 Turon.
286 2343 320 2400 ὃν
345 2344 408 2400 ούτο
434 2345 459 2416 β.
482 2361 505 2400 σ.
525 2343 655 2399 Valesius
681 2341 714 2398 ὃν
741 2343 803 2398 ούτε
827 2344 845 2413 η
887 2387 893 2399 .
915 2343 978 2400 ούτε
1003 2345 1090 2412 δῆμος
1113 2360 1178 2398 συν-

156 2419 293 2487 εχώρησεν
313 2417 348 2470 cf.
367 2434 394 2486 p.
411 2421 471 2483 286,
487 2421 520 2470 22
594 2421 627 2469 17
648 2414 768 2486 ἔχουσαν
786 2415 889 2470 Turon.
909 2431 977 2470 corr.
993 2413 1123 2470 Valesius

229 2615 446 2679 Φερεντλνος,
459 2607 539 2674 πόλις
549 2615 697 2666 Σαυνιτῶν
712 2609 742 2665 ἐν
753 2607 865 2686 Ἰταλίᾳ.
894 2607 925 2665 τὸ
942 2606 1061 2665 ἐθνικδν
1076 2613 1178 2678 Φερεν-

155 2679 248 2746 τανός.
276 2679 446 2752 λέγεταικαὶ
461 2679 616 2751 Φερέντιοι,
631 2683 668 2744 ὡς
677 2682 827 2744 Διονύσιος
845 2677 883 2747 ιζ’
896 2686 945 2750 τῆς
959 2681 1113 2751 Ῥωμαικῆς
1127 2682 1178 2748 ἀρ-

156 2751 324 2825 χαιολογίας.
361 2753 451 2822 Steph.
466 2755 537 2824 Byz.

227 2822 400 2893 Μιλωνία,
426 2821 506 2887 πόλις
529 2828 678 2880 Σαυνιτῶν
703 2823 917 2894 ἐπιφανεστάτη.
955 2824 1105 2887 Διονύσιος
1131 2819 1177 2888 ιζ’.

155 2895 187 2953 τδ
206 2893 325 2952 ίθνικὸν
343 2895 531 2964 Μιλυνιάτης.
569 2897 659 2965 Steph.
674 2897 745 2966 Βην.
779 2897 850 2966 (Ιιίο.
866 2895 900 2964 Χ,
915 2901 945 2963 33
960 2897 1013 2965 34.)

227 2964 657 3038 Νηκούια,πόλις’ομβρικῶν.
668 2967 818 3030 Διονύσιος
827 2963 1112 3022 ἑπτακαιδεκάτωῬοι
1154 2985 1178 3020 ι-

156 3043 208 3108 κῆς
221 3036 426 3109 ἀρχαιολογίας.
448 3035 480 3093 τδ
495 3035 812 3108 ἐθνικδνΝηκονιάτης.
831 3039 1000 3109 δίεμλιᾟμε.
1015 3019 1088 3107 (ίιίο.
1125 3039 1177 3107 ‚9.)

228 3115 259 3164 Ν
262 3108 378 3179 αρνία,
401 3107 481 3172 πόλις
500 3114 657 3178 Σαυνιτῶν,
680 3107 737 3166 ἀπὸ
755 3119 805 3165 τού
824 3107 1033 3178 παραρρέοντος
1050 3117 1177 3178 ποταμοῦ

156 3179 288 3250 Νάρνον,
312 3182 349 3244 ώς
367 3183 517 3244 Διονύσιος
540 3181 770 3254 ὀκτωκαιδεκάτῳ
792 3179 843 3236 Ῥω
864 3185 946 3250 αικῆς
971 3177 1178 3251 ἀρχαιολογίας.

156 3249 188 3308 τό
208 3248 326 3307 ἐθνικδν
344 3252 516 3322 Ναρνιάτης.
554 3253 642 3322 steph.
658 3254 728 3324 Βηε.
758 3253 831 3324 (Ιάυ.
872 3257 948 3320 ,10.)

224 3321 417 3392 Ὀκρίκολα,
451 3323 531 3387 πόλις
564 3329 724 3394 Τυρρηνῶν.
769 3323 919 3386 Διονύσιος
946 3321 1178 3378 ὀκτωκαιδεκάτον

153 3394 308 3466 Ῥωμαικῆς
335 3394 540 3467 ἀρχαιολογίας.
585 3393 617 3451 τὸ
645 3393 763 3452 ἐθνικδν
790 3392 1001 3464 Ὀκρικολανός,
1029 3395 1066 3457 ώς
1093 3375 1179 3457 αύτός

158 3483 252 3536 φησιν.
289 3466 378 3535 δίεμίι.
394 3468 463 3538 Βμι.
493 3469 565 3538 (Σίν.
581 3467 666 3535 VIHI,
680 3469 735 3537 41.)
