2668 3922
145 177 210 244 184
473 209 476 216 ,
561 177 743 228 -ιι-

143 310 249 369 θοντο
277 301 528 385 ἀπεληλυθότας
556 298 610 365 ἐπὶ
637 301 695 378 τὰς
722 300 845 382 σκηνάς
875 297 1017 383 λήξαντά
1044 321 1080 362 τε
1109 299 1165 364 καί

144 409 359 493 παυσάμενον
377 409 437 472 τὸν
454 409 619 492 θόρυβον,
639 405 854 490 ἀγνοοῦντες,
877 405 1013 471 ὅτιτῶν
1031 403 1165 470 ἑκατον-

144 516 275 601 τάρχων
310 525 380 592 τοῖς
416 516 546 579 πλείοσι
582 512 785 596 δεδογμένον
821 509 866 610 ήν
896 510 941 576 δι’
968 512 1167 598 ἀπορρήτων

145 633 364 704 συνωμοσιῶν
396 621 579 687 ἀπόστασιν
610 619 768 706 πράττειν
802 619 858 685 καί
895 625 1166 704 συνελευθεροῦν
1205 603 1208 608 ’

112 731 206 814 ετήν
229 729 386 815 πατρίδα,
410 725 556 814 ἔκριναν,
578 724 715 792 ίπειδάν
734 725 840 811 ἡμέρα
862 725 998 810 τάχιστα
1020 725 1166 810 γε’νηται,

143 837 204 902 τὸν
227 836 289 918 μὲν
311 834 550 921 ἐκταράττοντα
572 837 650 912 τοὺς
675 835 794 918 ὄχλους
821 831 1022 918 Οὐεργίνιον
1045 837 1167 899 συλλα-

143 944 266 1026 βόντας
284 939 372 1027 ἔχειν
388 941 426 1008 ἐν
443 948 591 1028 φυλακή,
609 944 667 1018 τὰς
686 941 724 1007 δὲ
742 939 899 1022 δυνάμεις
917 938 1167 1025 ἀναστήσαντας

144 1048 181 1115 ἐκ
208 1058 268 1115 τοῦ
296 1049 439 1134 χάρακος
471 1050 564 1132 ἀγειν
596 1049 651 1116 ἐπί
682 1051 762 1126 τοῦς
792 1049 986 1130 πολεμίους,
1017 1047 1073 1114 καί
1104 1048 1167 1131 τήν

143 1159 323 1241 κρατίστην
342 1156 453 1221 αὐτῶν
470 1165 529 1240 τής
546 1157 654 1242 χώρας
677 1154 926 1240 ἐγκαθημένους
950 1155 1066 1244 δηοῦν,
1089 1154 1166 1238 περὶ

99 1274 211 1329 τετῶν
239 1262 276 1329 ἐν
303 1273 343 1349 τή
370 1266 466 1330 πόλει
493 1263 728 1349 πραττομένων
751 1262 855 1346 μηδὲν
877 1263 957 1338 τοὺς
984 1260 1167 1346 σφετέρους

143 1367 192 1435 ἔτι
215 1369 339 1448 ἐῶντας
360 1378 665 1456 πολυπραγμονεῖν,
687 1370 728 1434 τά
750 1369 811 1450 μὲν
834 1369 890 1433 διά
913 1370 971 1446 τὰς
994 1369 1165 1453 ὠφελείας,

142 1479 183 1544 τά
202 1478 240 1543 δὲ
258 1479 314 1544 διά
332 1479 410 1555 τοὺς
428 1476 607 1559 ἐσομένους
625 1476 710 1560 ὑπὲρ
730 1475 841 1541 αὐτῶν
855 1474 1008 1541 ἑκάστοτε
1025 1475 1164 1559 ἀγῶνας.
1176 1495 1249 1546 2266
1324 1525 1325 1542 2

102 1583 124 1648 4
143 1583 271 1668 ἐγίνετο
295 1585 327 1648 δ’
341 1585 455 1661 αὐτοῖς
478 1584 579 1650 οῦδὲν
596 1593 664 1650 τῶν
682 1581 718 1648 ἐκ
742 1583 972 1666 διαλογισμοῦ·
996 1582 1077 1650 οὐδὲ
1099 1584 1163 1668 γὰρ

143 1693 203 1756 τὸν
229 1691 429 1775 Οὐεργίνιον
453 1691 568 1756 εἴασαν
594 1692 626 1756 ολ
654 1690 790 1775 λοχαγοί
816 1691 1024 1773 καλούμενον
1052 1690 1099 1766 είς
1125 1691 1163 1755 τὸ

98 1817 124 1860 ιι
144 1801 343 1884 στρατήγιον
362 1796 534 1881 ἀπελθεῖν,
557 1797 835 1882 ὑποπτεύ[οντες,
858 1800 903 1882 μή
925 1821 958 1862 τι
975 1796 1081 1862 πάθοι
1100 1797 1166 1862 δει-

143 1907 217 1989 νόν,
236 1905 320 1970 ἀλλά
342 1905 398 1970 καί
420 1904 494 1990 τὸν]
519 1903 769 1991 διαληφθέντ[α
792 1907 905 1989 λόγον,
928 1904 987 1990 ὡς]
1011 1903 1066 1970 ἐπὶ
1088 1907 1167 1984 τοὺς

142 2014 323 2094 πολεμίους
341 2011 479 2096 ἀγαγεῖν
496 2013 576 2089 τοὺς
599 2014 719 2095 λόχους
742 2011 939 2096 ἐβούλοντο,
962 2011 1167 2096 [κατωνείδι-

143 2119 214 2205 ζον]
239 2118 403 2203 λέγοντες·
423 2117 478 2197 Ὡς
496 2124 604 2196 καλῶς
621 2120 715 2204 ἡμῶν
733 2117 994 2205 ἐστρατηγήκατε
1011 2118 1067 2184 καί
1085 2121 1167 2201 πρό-

142 2250 251 2312 τερον,
289 2227 345 2292 ἵνα
380 2227 436 2292 καί
469 2235 535 2292 νῦν
566 2228 726 2309 λαβόντες
757 2225 894 2304 ἐλπίδας
926 2226 1166 2308 ἀκολουθῶμεν

97 2353 124 2393 ιο
141 2333 233 2418 ὑμῖν,
271 2334 391 2411 οἵτινες
428 2334 511 2418 ὅσην
543 2334 636 2400 οὔπω
669 2336 833 2420 πρότερον
865 2333 971 2418 ἕτεροι
999 2331 1166 2415 Ῥωμαίων

215 2515 229 2560 1
254 2505 856 2578 ἀπεληλυθότες-λήξαντες-παυσάμενοι
878 2509 898 2563 C
972 2515 988 2563 6
1015 2505 1166 2579 συλλαβόν-

141 2579 816 2650 τες-ἀναστήσαντες-ἐγκαθήμενοι-ἐῶντες
830 2598 852 2636 ο.
861 2580 947 2635 stulte
957 2580 1053 2634 Naber
1062 2580 1164 2634 Mnem.

143 2655 186 2716 30,
197 2655 248 2704 25⁷
300 2656 315 2703 λ
336 2651 543 2719 ἀναστήσοντας
557 2650 578 2705 O
634 2657 667 2705 10
686 2652 773 2721 μηδὲν
787 2660 847 2714 τοῖς
861 2649 1004 2720 σφετέροις
1018 2650 1059 2705 ἔτι
1072 2649 1165 2705 ΙΝΟε.

141 2721 194 2774 Ma
218 2741 244 2790 μ.
265 2723 331 2782 τοὺς
354 2719 503 2789 σφετέρους
526 2721 567 2776 ἔτι
590 2721 692 2776 0be
771 2730 804 2778 11
823 2723 928 2786 ἐῶντας
946 2740 999 2777 om.
1015 2723 1036 2775 L
1055 2723 1105 2776 sed
1123 2722 1166 2776 la-

142 2809 215 2846 cuna
241 2795 375 2861 quattuor
399 2793 558 2847 litsserarum
581 2793 681 2847 relicta
756 2801 788 2848 12
811 2797 876 2863 post
899 2791 1047 2864 ἐσομένους
1065 2794 1165 2848 eadem

141 2864 257 2932 lacuna,
281 2864 331 2918 sed
349 2863 422 2918 nihil
440 2865 519 2919 deest
542 2865 563 2918 L
642 2871 675 2918 13
694 2864 747 2935 γὰρ
768 2883 821 2920 om.
836 2865 892 2919 VM
970 2871 1003 2920 15
1026 2864 1166 2919 vocabula

140 2937 221 2990 uncis
239 2935 349 2990 inclusa
367 2935 433 2989 hinc
451 2952 540 3004 usque
558 2936 594 2988 ad
609 2937 712 3005 capitis
726 2937 809 2991 finem
825 2937 927 2990 desunt
940 2937 971 2990 in
984 2937 1093 2991 lacunis
1107 2936 1164 3003 LV,

142 3007 241 3060 addita
267 3009 333 3061 sunt
357 3007 387 3060 in
411 3006 466 3061 OM
490 3007 574 3077 vulgo
600 3025 615 3062 ε
641 3008 805 3062 foedissima
827 3008 1053 3077 interpolatione.
1097 3008 1166 3062 Post

140 3079 265 3132 ῦποπτεί
279 3078 382 3132 lacuna
397 3080 502 3146 septem
519 3079 578 3132 fere
591 3078 751 3133 litterarum
765 3079 791 3131 V
853 3086 886 3134 16
905 3082 970 3148 post
988 3077 1166 3148 διαληφθέντ

141 3149 244 3202 lacuna
264 3155 296 3203 13
315 3149 370 3204 litt.
386 3149 434 3204 LV
449 3150 483 3205 cf.
500 3149 623 3204 Sintenis
637 3151 696 3204 Em.
712 3151 793 3204 Dion.
809 3150 822 3203 1
836 3156 870 3204 23
930 3157 963 3205 17
982 3152 1048 3213 τοὺς
1066 3149 1166 3220 ὄχλους

142 3219 289 3290 ἐβούλοντο
313 3217 438 3290 λέγοντες
463 3221 523 3276 sine
549 3221 651 3276 lacuna
669 3221 718 3274 LV
741 3219 840 3292 λόχους
859 3238 881 3276 ο.
897 3221 1040 3292 Kiessling
1068 3223 1070 3293 ή
1098 3242 1166 3276 κατ-

142 3287 285 3355 υνείδιζον
304 3292 370 3345 εδδ.
385 3291 440 3347 ΟΜ
459 3293 494 3346 ef.
510 3291 639 3348 thzelor
652 3293 801 3347 Animadv.
817 3293 844 3346 Π
862 3299 896 3346 23
961 3299 994 3348 18
1013 3291 1056 3348 ὅτι
1074 3296 1166 3356 καλῶς

141 3361 190 3415 LV
218 3362 255 3424 ὡς
280 3365 370 3425 καλῶς
395 3363 450 3418 ΟΜ
484 3365 487 3435 1
522 3363 740 3434 ἐστρατηγήσατε
766 3363 889 3418 Sintenis
915 3363 975 3418 Em.
996 3364 1165 3420 Dion.123

143 3437 176 3486 19
196 3432 316 3502 χρηστὰς
334 3431 465 3504 λαβόντες
484 3433 599 3498 ἐλπίδας
618 3453 640 3491 ο.
656 3435 799 3505 Kiessling
