2668 3922
560 247 594 256 ··
631 220 676 270 ΙΛ
713 247 747 256 -
1097 216 1161 282 251

142 368 250 430 τερον,
286 344 304 410 δ
342 345 422 428 μετά
458 345 519 428 τὴν
554 344 676 428 άφεσιν
707 353 775 408 τῶν
807 340 1019 426 ἐγκλημάτων
1052 341 1164 418 αὐτοῖς

60 469 130 518 κ311
142 451 345 538 ἐχαρίσαντο.
392 451 615 534 σκοπούμενοι
641 449 721 536 γάρ,
746 449 790 526 ὡς
812 449 917 533 μηδὲν
940 445 988 514 ἔτι
1010 455 1164 514 τοιοῦτον

142 557 179 624 όν
201 567 241 644 τῇ
265 561 360 624 πόλει
382 561 556 642 γενήσεται
578 555 654 642 μηδ’
676 557 832 642 ἀφορμὴν
859 563 1082 640 νεωτερισμοῦ
1108 559 1164 640 λη-

141 669 264 745 ψονταί
284 689 388 750 τινες,
414 665 491 730 οὔτε
514 665 669 750 φρουράν
692 664 739 740 είς
762 663 824 747 την
847 661 1030 748 άκρόπολιν
1053 662 1164 728 αὐτῶν

141 771 248 860 ιβοντο
279 773 351 838 δεῖν
382 771 538 855 εἰσάγειν,
571 771 648 836 οὔτε
677 771 767 855 παρὰ
795 779 863 834 τῶν
893 767 1165 855 ἐπιφανεστάτων
1196 788 1208 829 ι

141 879 276 965 ἀνδρῶν
295 880 402 964 ὅμηροι
420 877 613 961 λαμβάνειν,
633 877 710 943 οὕτε
728 877 814 943 ὅπλα
832 879 911 954 τοὺς
930 873 1066 962 ἔχοντας
1084 876 1165 962 ἀφε-

141 986 275 1071 λέσθαι,
299 983 370 1052 οὔτ’
393 987 473 1051 ἄλλο
497 994 635 1068 σημεῖον
658 983 760 1049 οὐδὲν
783 983 1026 1068 ἀπιστουμένης
1052 986 1165 1069 φιλίας

140 1103 287 1178 πονῆσαι·
312 1095 392 1176 μίαν
415 1091 453 1158 δὲ
475 1089 596 1177 πρᾶξιν
619 1093 767 1174 οἰόμενοι
794 1089 991 1175 (συνέχειν)
1018 1089 1204 1168 άπαντας3

140 1205 219 1278 τοὺς
241 1202 324 1266 κατὰ
346 1197 545 1283 συγγένειαν
567 1198 587 1283 ἢ
613 1201 730 1284 φιλίαν
756 1201 985 1282 προσήκοντας
1010 1197 1165 1282 ἀλληλοις

140 1309 202 1392 τὴν
231 1318 299 1373 τῶν
329 1307 468 1390 άγαθῶν
500 1307 698 1390 ἰσομοιρίαν,
726 1307 896 1370 πολιτείαν
922 1301 1073 1388 έγνωσαν
1095 1315 1165 1382 τοῖς
1183 1325 1209 1364 ιο

140 1421 336 1499 κρατηθεῖσι
367 1415 584 1498 χαρίσασθαι,
621 1411 756 1477 πάντων
787 1412 984 1494 μεταδόντες
1015 1405 1064 1476 ὧν
1095 1421 1164 1488 τοῖς

142 1521 246 1605 φύσει
267 1518 436 1602 Ῥωμαίοις
465 1529 577 1604 μετῆν,
609 1517 683 1606 (10)
714 1518 754 1584 οὐ
784 1519 846 1602 τὴν
876 1518 982 1602 αὐτὴν
1011 1517 1165 1584 διάνοιαν

141 1609 300 1710 λαβόντες
322 1637 392 1704 τοῖς
416 1625 545 1704 ἀξιοῦσι
570 1635 628 1711 τῆς
652 1623 810 1704 Ἑλλάδος
833 1627 948 1712 ἄρχειν
971 1621 1042 1690 οὔτ’
1065 1622 1164 1710 Ἀθη-

140 1735 248 1810 ναίοις
267 1734 344 1798 οὔτε
357 1734 647 1816 Λακεδαιμονίοις·
671 1734 705 1798 τί
720 1733 785 1818 γάρ
804 1733 856 1798 δεῖ
873 1733 1035 1818 περὶτῶν
1054 1735 1164 1798 ἄλλων
1182 1731 1204 1796 4

136 1837 306 1924 Ἑλλήνων
334 1840 457 1924 λέγειν;
486 1838 661 1925 Ἀθηναῖοι
683 1839 745 1923 μέν
767 1863 806 1923 γε
828 1842 979 1922 Σαμίους
1005 1839 1165 1917 άποίκους
1183 1857 1209 1900 ιι

58 1963 128 2012 2312
140 1945 268 2013 ἑαυτῶν
291 1949 405 2032 ὄντας,
428 1949 687 2031 Λακεδαιμόνιοι
710 1946 748 2012 δὲ
768 1949 985 2030 Μεσσηνίους
1008 1946 1164 2031 άδελφῶν

139 2055 241 2120 οὐδὲν
273 2055 510 2142 διαφέροντας,
545 2054 658 2138 ἐπειδὴ
691 2051 945 2139 προσέκρουσαν
977 2052 1091 2128 αὐτοῖς
1122 2075 1164 2136 τι,

139 2162 377 2244 διαλυσάμενοι
412 2164 474 2247 την
512 2161 711 2246 συγγένειαν
747 2158 853 2234 οὕτως
885 2158 980 2240 ὠμῶς
1012 2158 1164 2243 διεχειρί-

139 2284 241 2332 σαντο
271 2269 327 2332 καὶ
355 2269 548 2352 θηριωδῶς,
578 2266 691 2350 ἐπειδη
722 2267 780 2342 τάς
807 2266 919 2341 πόλεις
947 2264 1059 2330 αὐτῶν
1081 2265 1164 2330 ὑπο-

138 2375 284 2460 χειρίους
308 2371 440 2458 ἔλαβον,
463 2375 547 2440 ὥστε
569 2372 653 2458 μηδὲ
675 2382 745 2449 τοῖς
766 2371 980 2457 άγριωτάτοις
997 2383 1065 2437 τῶν
1083 2375 1164 2458 βαρ-
1182 2392 1208 2432 εο

139 2481 254 2567 βάρων
290 2480 481 2567 ὑπερβολὴν
517 2491 575 2565 τῆς
612 2481 659 2557 εἰς
694 2481 735 2544 τδι
770 2479 925 2564 ὁμόφυλα
956 2481 1164 2565 παρανομίας

139 2593 348 2674 παραλιπεῖν.
394 2584 467 2674 (ll)
498 2589 617 2672 Μυρία
645 2594 783 2652 τοιαῦτα
812 2585 922 2670 λέγειν
952 2587 994 2652 άν
1021 2610 1071 2664 τις
1094 2583 1202 2672 έχοι5

139 2705 210 2773 ταῖς
240 2697 356 2760 πόλεσι
382 2695 517 2772 ταύταις
543 2693 769 2779 ἡμαρτημένα,
792 2693 813 2758 δ
836 2695 990 2780 παρίημι,
1014 2691 1085 2760 ἐπεὶ
1107 2694 1163 2759 καί

139 2802 268 2868 τούτων
298 2801 503 2886 μεμνημένος
532 2803 691 2886 ἄχθομαι·
723 2802 761 2866 τὸ
790 2801 853 2886 γάρ
877 2799 1073 2885 Ἑλληνικὸν
1101 2800 1163 2866 οὐκ
1329 2859 1330 2886 ,

140 2907 277 2990 ὀνόματι
307 2907 481 2994 διαφέρειν
507 2917 567 2973 τοῦ
596 2909 768 2994 βαρβάρου
791 2906 908 2992 ἠξίουν
931 2907 1011 2972 οὐδὲ
1034 2905 1162 2972 διαλέκ-
1181 2925 1207 2966 ²⁵
1329 2977 1330 3002 ρ

212 3196 227 3243 2
248 3190 295 3262 ὡς]
315 3198 375 3252 πῶς
393 3207 415 3244 ο.
431 3189 527 3246 Naber
546 3190 648 3244 Mnem.
664 3195 706 3257 30,
721 3195 773 3244 259
793 3206 830 3244 an
848 3187 941 3252 δπωςῖ
1015 3194 1030 3242 3
1053 3187 1094 3260 ἐν]
1115 3187 1161 3242 ἐπὶ

140 3278 163 3314 ο.
184 3261 327 3332 Kiessling
399 3267 416 3316 8
439 3265 504 3332 post
526 3263 630 3330 πρᾶξιν
649 3260 762 3316 Valenio
789 3262 901 3316 videtur
927 3261 1023 3314 deesse
1045 3259 1161 3314 verbum

139 3333 256 3402 aliquod
280 3336 314 3388 ut
338 3331 464 3418 συνέχειν
487 3333 532 3388 vel
555 3333 647 3387 simile
670 3333 747 3402 quid.
785 3333 846 3402 Ego
864 3334 929 3400 post
948 3329 1072 3400 οἰόμενοι
1098 3349 1161 3384 oum

138 3405 213 3459 Prou
239 3402 365 3498 συνάγειν
388 3405 503 3489 ωερεωὶ.
541 3405 586 3458 An
610 3406 676 3474 post
701 3401 825 3473 οἰόμενοι
847 3403 953 3458 excidit
976 3405 1160 3473 καθομιλεῖνῖ

140 3481 173 3531 26
192 3493 243 3546 pro
262 3477 342 3548 ήξιου
362 3479 422 3548 (ειο)
442 3494 465 3532 ο,
480 3477 588 3546 Kayser
606 3475 700 3531 Fleok.
716 3477 788 3531 Ann.
804 3480 882 3542 1870,
898 3481 949 3530 727
969 3473 1049 3540 άξιον
