2654 3916
159 229 226 296 324
587 229 755 280 -K-

231 354 271 420 V.
290 351 338 420 ‘H
360 353 399 419 δὲ
425 354 530 437 βουλή
559 358 716 434 μαθοῦσα
742 351 783 418 τὰ
810 352 887 438 περὶ
912 355 991 430 τοὺς
1009 349 1181 438 Ῥηγίνους

159 461 253 546 πύθη
281 462 370 547 παρὰ
397 469 464 526 τῶν
490 460 727 545 διαφυγόντων
754 459 814 525 τὸν
840 459 987 545 όλεθρον
1014 459 1094 524 οὐδὲ
1120 460 1181 525 τὸν

160 567 333 653 ἐλάχιστον
374 566 578 648 ἀναμείνασα
620 567 745 652 χρόνον
786 565 981 632 ἀποστέλλει
1023 567 1182 651 στρατιὰν

116 725 117 730 1
159 675 399 741 νεοσύλλεκτον
427 674 551 757 ἀγοντα
578 671 695 758 ἑτέραν
721 674 781 740 τὸν
807 675 890 739 κατὰ
916 675 1017 739 πόλιν
1044 689 1182 760 στρατη-

120 758 230 887 Ξγόν.
277 781 439 866 φθάσασα
466 779 504 846 δέ
530 781 593 864 τήν
611 778 778 863 Ῥωμαίων
801 778 916 865 ἄφιξιν
937 781 958 864 ἡ
982 788 1042 846 τού
1068 780 1182 862 δαιμο-

161 889 237 953 νίου
265 888 407 972 πρόνοια
434 888 493 952 τὸν
519 887 666 972 ἡγεμόνα
692 896 750 972 τῆς
777 895 930 973 φρουρᾶς
952 885 1078 952 Δέκιον
1107 886 1183 953 ἀντὶ

159 1004 228 1060 τῶν
251 992 398 1060 ἀνοσίων
420 993 658 1077 βουλευμάτων
681 995 729 1072 είς
755 995 796 1060 τὰ
823 993 1009 1079 κυριώτατα
1036 1002 1096 1060 τοῦ
1124 995 1183 1077 ζήν

160 1098 383 1185 ἐτιμωρήσατο
412 1098 510 1186 μέρη,
541 1101 644 1166 νόσον
674 1101 721 1178 είς
749 1102 828 1178 τούς
855 1099 1054 1186 ὀφθαλμοὺς
1083 1098 1184 1182 ἐμβα·

162 1210 267 1272 λοῦσα
307 1208 419 1284 δεινὰς
459 1207 682 1292 περιωδυνίας
718 1205 902 1294 φέρουσαν·
942 1207 986 1292 ἣν
1024 1207 1183 1273 λύσασθαι

117 1338 143 1378 ιο
160 1314 442 1401 προθυμούμενος
469 1313 649 1400 ἅνθρωπος
677 1313 714 1380 ἐκ
735 1317 918 1400 Μεσσήνης
946 1314 1061 1400 ἰατρὸν
1087 1337 1183 1398 μετα-

161 1420 336 1505 πέμπεται,
368 1418 575 1506 Δεξικράτην
607 1421 727 1506 ὄνομα,
758 1423 1017 1503 πυνθανόμενος
1046 1422 1184 1508 ἄριστον

162 1521 249 1594 εἶναι
271 1539 340 1593 τῶν
362 1529 444 1594 κατδι
466 1530 529 1613 τήν
551 1528 657 1613 αὐτήν
679 1529 812 1613 ἡλικίαν
834 1529 967 1615 ἰατρῶν,
990 1527 1124 1613 ἀγνοῶν
1146 1527 1184 1594 δέ

162 1634 214 1699 ότι
227 1632 375 1718 Ῥηγῖνος
397 1631 440 1718 ἦν
463 1636 500 1700 τὸ
523 1633 633 1718 γένος·
657 1634 695 1712 ὃς
717 1634 918 1720 ἀφικόμενος
936 1636 983 1713 είς
1001 1636 1039 1701 τὸ
1054 1632 1184 1720 Ῥήγιον

162 1739 331 1826 έναλείφει
358 1743 437 1817 τοὺς
464 1740 664 1826 ὀφθαλμούς
693 1741 797 1807 αύιοῦ
826 1752 992 1831 καυστικῷ
1022 1742 1184 1830 φαρμύκφ
1229 1799 1232 1806 .

117 1869 143 1912 ιι
161 1847 217 1914 καλ
244 1847 540 1930 διακελευσάμενος
568 1847 747 1933 ἀνέχεσθαι
774 1849 832 1925 τολς
859 1849 1096 1935 περιωδυνίας,
1125 1847 1184 1927 ἕως

163 1955 206 2022 ἀν
246 1953 419 2040 ἀφίκηται,
460 1956 604 2038 καταβὰς
645 1953 700 2020 έπλ
735 1954 907 2021 θάλατταν
944 1957 991 2033 είς
1027 1957 1065 2021 τὸ
1102 1977 1184 2040 παρ-

162 2060 407 2145 εσκευασμένον
439 2068 626 2148 πορθμεῖον
659 2059 756 2147 ένέβη
793 2061 849 2127 καλ
884 2062 966 2147 πρὶν
1002 2062 1185 2129 αἰσθέσθαι

122 2171 237 2236 δτινά
265 2170 302 2235 τὸ
329 2167 483 2255 πραχθὲν
511 2169 558 2246 είς
585 2172 771 2255 Μεσσήνην
799 2167 1015 2236 ἀπέπλευσεν.
1064 2169 1186 2246 Δέκιος

235 2297 250 2344 3
270 2289 446 2360 ἀναμείνασα
470 2291 502 2345 in
527 2291 623 2346 οοδίοε
648 2291 829 2360 compendio,
853 2291 899 2346 cui
921 2291 1064 2347 reddendo
1084 2307 1185 2360 operae

164 2363 310 2429 deficiant,
338 2362 695 2418 admodum.oontractum
722 2363 780 2433 legi
806 2363 870 2418 adn.
892 2363 982 2418 Pede:
1016 2363 1019 2435 λ
1053 2362 1186 2431 στρατιὰν

163 2434 358 2489 νεοσύλλεκτον
378 2432 484 2504 ἄγοντα
502 2431 597 2501 ἕτερον
615 2443 670 2488 τῶν
689 2433 762 2488 κατὰ
779 2431 862 2489 πόλιν
877 2443 1037 2504 στρατηγῶν
1052 2451 1075 2489 υ.
1086 2434 1187 2488 Mffller

162 2507 316 2574 praeeunte
334 2505 454 2570 Pedem,
473 2501 522 2560 τὸν
541 2507 607 2560 ante
626 2504 720 2573 ἕτερον
735 2505 796 2575 (εἰσ)
810 2505 953 2576 Kiessling
971 2505 1096 2573 addidit3
1115 2504 1187 2558 nihil

163 2576 330 2630 mutandum
356 2593 416 2631 esse
442 2575 531 2631 Cobet
556 2575 620 2632 Oba.
639 2595 667 2647 p.
683 2582 735 2630 218
754 2576 837 2632 docet
909 2582 925 2630 9
948 2577 1118 2645 περιοδύνας
1136 2593 1186 2643 φε-

164 2647 267 2716 ρούσας
284 2648 346 2701 Εεο.
366 2664 435 2702 corr.
454 2648 545 2702 Foder
615 2654 648 2702 10
667 2646 823 2716 ἄνθρωπον
842 2664 911 2702 corr.
930 2648 1020 2703 Feder

234 2808 260 2846 v.
272 2795 312 2846 18.
339 2786 441 2852 Δέκιός
454 2809 496 2852 τις
509 2787 666 2860 Καμπανὸς
679 2790 858 2860 φρούραρχος
872 2788 903 2845 έν
916 2795 950 2864 τῇ
959 2785 1093 2858 Ῥηγίνων
1107 2784 1187 2843 πόλει

165 2861 366 2930 καταλειφθεὶς
387 2858 443 2916 όπδ
468 2859 623 2932 Φαβρικίου
642 2858 786 2931 Ῥωμαίων
809 2860 931 2930 ύπύτου,
953 2859 1002 2914 καὶ
1025 2867 1074 2929 τῆς
1091 2859 1186 2914 εύδαι-

164 2930 265 3002 μονίας
291 2941 339 3003 τής
365 2930 471 2995 πόλεως
499 2930 643 3001 ἐρασθείς,
670 2931 816 3002 ἐπιστολήν
843 2931 1018 3001 πλασάμενος
1044 2931 1083 2994 ὡς
1108 2930 1187 2998 παρὰ

164 3001 246 3070 ξένου
270 3003 306 3073 δή
327 3023 404 3066 τινος
427 3001 515 3072 ἰδίου,
535 3003 565 3058 ἐν
584 2999 601 3076 ή
621 3003 752 3072 ἐδηλοῦτο
770 3001 874 3072 μέλλων
893 3003 909 3059 ό
928 3002 1055 3074 βασιλεὺς
1072 3003 1187 3072 Πύρρος

165 3072 342 3130 ἀποστέλλειν
368 3074 413 3129 ἐπὶ
438 3071 470 3130 τὸ
494 3073 501 3095 “
560 3094 604 3129 ιον
630 3091 764 3130 πεντακισ
782 3072 870 3137 ιλίους
895 3073 1001 3142 ἄνδρας
1025 3075 1186 3144 καταληψο-

164 3143 266 3215 μένους
292 3145 343 3216 τὴν
370 3143 461 3214 πόλιν,
487 3146 540 3201 ἀνο
553 3147 611 3212 ξειν
635 3095 834 3216 ὑποσχομένων
861 3147 957 3207 αύτολς
978 3142 1112 3216 Ῥηγίνων
1137 3143 1187 3208 τὰς

165 3217 267 3284 πύλας,
280 3217 385 3285 ταύτην
398 3218 488 3285 εύρὼν
502 3215 646 3286 πρόφασιν
660 3219 725 3280 τοὺς
732 3214 877 3288 Ῥηγίνους
890 3216 999 3279 πάντας
1013 3217 1084 3288 (cod.
1094 3213 1186 3285 πέντε)

165 3285 334 3357 κατέσφαξε,
353 3288 402 3341 καλ
420 3287 470 3351 τὰς
488 3289 581 3343 αὐτῶν
600 3289 671 3358 (eod.
686 3287 784 3358 αύτδις)
802 3295 939 3358 γυναῖκας
957 3289 1007 3343 καλ
1024 3285 1187 3357 παρθένους

165 3357 307 3428 μετὰτῶν
327 3368 500 3426 στρατιωτῶν
519 3356 689 3429 διελόμενος,
706 3360 845 3428 τύραννος
862 3367 912 3430 της
929 3357 1035 3423 πόλεως
1053 3355 1100 3429 ἦν·
1119 3357 1187 3428 μετὰ

165 3429 198 3483 δὲ
222 3430 344 3520 νοσήσας
367 3430 433 3492 τούς
458 3431 625 3502 ὀφθαλμούς
648 3428 746 3500 ἰατρὸν
769 3429 799 3485 ἐκ
818 3430 952 3501 Μεσήνης
974 3427 1187 3502 μεταπέμπεται,

166 3502 340 3571 Δεξικρατην
363 3499 465 3571 ὄνομα,
488 3500 705 3572 πυνθανόμενος
728 3501 841 3570 ἀριστον
864 3499 952 3560 αύτδν
973 3498 1055 3559 εἶναι.
1092 3503 1185 3558 Ανκότ.
