2654 3916
517 239 550 248 -
588 213 639 264 ιτ.
667 213 722 263 [H.
760 241 793 249 -
1099 211 1164 276 237

144 339 227 423 πρὸς
260 337 427 421 (ταύτην)
459 337 522 420 την
550 335 669 421 μερίδα
698 345 767 400 τῶν
794 341 973 402 Σαυνιτῶν
999 342 1167 420 πολεμεῖν,

144 443 317 529 γράμματα
336 438 479 526 ’πέμπων
497 441 655 529 ἐκχωρεῖν
678 439 715 507 ἐκ
737 451 795 527 τῆς
814 444 1016 522 Σαυνίτιδος
1039 442 1167 510 ἐκέλευ-

145 567 214 636 σεν,
241 551 286 629 ὡς
313 550 403 637 αὑτῶ
430 551 521 638 μόνφ
548 560 605 634 τῆς
626 549 805 633 ἡγεμονίας
826 551 1068 637 προσηκούσης.
1113 549 1208 627 καὶὺ

144 660 229 745 πρὸς
254 659 335 735 τοὺς
362 655 607 734 ἀποσταλέντας
634 655 700 722 ὑπὸ
726 666 795 723 τῶν
817 656 992 744 συνέδρων
1014 656 1170 744 πρέσβεις

145 763 320 843 ἀξιοῦντας
345 765 389 848 μὴ
417 763 560 830 κωλύειν
586 765 647 830 τὸν
674 762 874 830 ἀνθύπατον
901 763 957 831 ἐπὶ
982 773 1043 831 τοῦ
1072 781 1169 852 στρα-
1201 784 1214 825 τ

145 871 288 938 τοπέδου
321 870 436 954 με’νειν
464 867 542 955 μηδ’
567 869 800 957 ἀντιπράττειν
828 881 899 949 τοῖς
930 870 1170 958 ἐψηφισμένοις

144 977 207 1064 ὑφ’
224 977 363 1061 ἑαυτῶν,
386 977 625 1064 ὑπερηφάνους
647 978 703 1044 καὶ
723 978 924 1065 τυραννικὰς
947 975 1071 1045 ἔδωκεν
1089 978 1170 1045 ἀπο-

145 1087 285 1172 κρίσεις,
320 1084 361 1151 ού
393 1086 455 1170 την
487 1086 616 1170 βουλὴν
647 1085 763 1172 ἀρχειν
794 1082 915 1150 ἐαυτοῦ
948 1089 1072 1172 φήσας,
1110 1086 1171 1164 ἕως

145 1191 238 1260 ἐστίν
266 1191 407 1277 ὑπατος,
437 1189 509 1258 ἀλλ’
534 1191 639 1258 αὑτὸν
667 1201 726 1276 τῆς
752 1194 884 1275 βουλῆς.
935 1192 1106 1272 ἀπολύσας
1133 1193 1209 1260 δὲὺ

145 1301 225 1377 τούς
247 1298 403 1385 πρέσβεις
430 1298 486 1365 ἐπὶ
507 1300 568 1365 τὸν
595 1299 725 1382 Φάβιον
746 1293 808 1382 ὑγε
834 1299 897 1399 τὴν
919 1298 1089 1383 στρατιάν,
1116 1299 1171 1382 ὡς,
1190 1320 1216 1360 ιο

146 1407 177 1471 εί
194 1407 239 1491 μὴ
257 1405 414 1489 βούλοιτο
434 1403 519 1472 ἑκὼν
535 1415 747 1492 παραχωρεῖν
759 1414 818 1489 τῆς
836 1401 950 1491 ἀρχῆς,
967 1414 1038 1482 τοῖς
1056 1405 1171 1482 ὅπλοις

146 1512 441 1599 προσαναγκάσων.
478 1513 674 1595 καταλαβὼν
697 1512 735 1578 δὲ
757 1521 878 1578 τοῦτον
901 1514 1053 1600 Κομινίφ
1076 1514 1172 1578 πόλει

147 1624 428 1706 προσκαθημενον
464 1617 632 1698 ἐξεπίεσεν
661 1618 698 1685 ἐκ
733 1627 794 1685 τοῦ
826 1619 1053 1704 στρατοπέδου
1089 1622 1172 1686 κατὰ

147 1729 276 1813 πολλὴν
302 1727 492 1814 ὑπεροψίαν
518 1737 587 1792 τῶν
615 1723 764 1814 ἀρχαίων
791 1725 942 1812 ἐθισμῶν
970 1727 1027 1794 καί
1056 1727 1172 1813 δεινὴν

117 1903 129 1930 .
147 1835 391 1922 ὑπερηφανίαν.
440 1833 566 1918 Φάβιος
581 1833 654 1917 Ιμὲν
676 1834 781 1900 αὑτοῦ
809 1833 897 1913 είξας
923 1845 964 1920 τῇ
989 1837 1092 1922 μανίη
1114 1845 1172 1920 τῆς
1191 1855 1216 1894 ιι

146 1943 325 2027 ἡγεμονίας
343 1938 553 2027 ἐξεχώρησεν.
591 1941 691 2008 Vales.
707 1947 736 2006 εί
753 1940 873 2008 Suidas
890 1963 915 2007 s.
929 1964 955 2006 υ.
974 1943 1170 2024 Ποστόμιος.

66 2064 137 2114 2335
218 2047 258 2114 V.
282 2040 569 2136 (16,17)”οπό
599 2048 699 2126 αὑτὸς
729 2049 918 2130 Ποστόμιος
948 2057 1082 2133 πρῶτον
1110 2048 1172 2130 μὲν

147 2157 185 2221 τὸ
212 2156 380 2237 Κομίνιον
409 2153 447 2220 ἐκ
475 2156 669 2240 πολιορκίας
697 2153 948 2239 παραλαμβάνει
977 2156 1101 2239 χρόνον
1131 2154 1171 2220 ού

147 2264 257 2327 πολὺν
280 2259 318 2326 ἐν
340 2270 412 2336 ταῖς
439 2263 643 2343 προσβολαῖς
670 2261 860 2345 διατρίψας,
888 2257 999 2325 ἔπειτα
1025 2261 1172 2327 Οὐενου-

148 2369 226 2434 σίαν
248 2365 523 2453 πολυάνθρωπον
546 2367 602 2431 καί
630 2368 732 2444 ἄλλας
760 2367 872 2448 πόλεις
899 2369 1054 2446 πλείστας
1083 2369 1172 2451 ὅσας,
1191 2389 1217 2428 εο

149 2473 183 2553 ἐξ
219 2468 268 2539 ὧν
303 2473 418 2560 μύριοι
453 2473 516 2556 μὲν
552 2471 758 2559 ἐσφάγησαν,
795 2471 1008 2559 ἑξακισχίλιοι
1044 2475 1082 2540 δὲ
1117 2476 1173 2541 καὶ

149 2583 314 2648 διακόσιοι
342 2580 383 2645 τὰ
412 2579 499 2645 ὑπλα
529 2580 728 2667 παρέδοσαν.
777 2589 881 2646 ταῦτα
910 2581 1212 2668 διαπραξάμενος2

149 2689 211 2776 οὑχ
248 2689 337 2766 ὅπως
369 2686 503 2772 χάριτος
533 2687 555 2772 ἢ
586 2699 682 2773 τιμῆς
713 2711 804 2765 τινος
834 2687 962 2775 ἠξιώθη
995 2691 1084 2775 παρὰ
1115 2701 1173 2780 τῆς

149 2800 288 2882 βουλῆς,
325 2794 409 2860 ἀλλά
440 2795 497 2860 καί
528 2796 589 2880 τὴν
621 2795 905 2883 προυπάρχουσαν
941 2795 1078 2875 ἀξίωσιν
1113 2795 1173 2860 ἀπ-

151 2903 277 2986 έβαλεν.
324 2901 619 2985 ἀποστελλομένων
645 2905 710 2990 γάρ
740 2905 787 2982 είς
816 2907 896 2987 μίαν
923 2913 990 2968 τῶν
1018 2903 1173 2968 ἁλουσῶν
1192 2924 1218 2964 ιε

149 3009 208 3075 ὑπ’
243 3007 373 3075 ἐκείνου
415 3011 555 3094 πόλεων,
596 3012 658 3096 την
698 3009 908 3095 καλουμένην
952 3009 1173 3094 Οὐενουσίαν,

151 3117 336 3200 δισμυρίων
362 3115 506 3182 ἐποίκων
529 3116 636 3203 ἕτεροι
658 3128 717 3202 τῆς
735 3117 887 3195 ἀποικίας
906 3115 1081 3208 ᾑρέθησαν
1098 3119 1173 3202 ἡγε-

150 3327 364 3452 Ἠ1ιταύχτηκ
389 3329 454 3384 εδδ.
474 3328 577 3414 ΙδρὶεΙιο
650 3335 683 3384 13
702 3327 880 3396 *ἐξέπλευσεν
901 3329 1003 3383 Tmou.
1023 3327 1173 3413 ἐξέκλεισεν

150 3397 830 3544 astateffseg‘fvfiloegabvoffffllzeygfiwotgevoegfflqgg?
843 3400 1173 3544 ὑάὺιοθςρχὺἐνῗδὺἐὺὑδω
