2668 3922
141 179 207 244 190
559 203 592 212 -
630 175 670 225 ΙΑ
707 201 741 210 -

138 327 191 382 τες
218 313 288 380 τοῖς
315 299 374 366 ὑπ’
400 299 538 366 ἐκείνων
564 305 692 364 τεθεῖσι
717 281 831 380 νόμοις
853 303 1064 383 πειθαρχεῖν,
1088 299 1164 365 οὐδ’

139 412 223 487 ὅλως
252 411 293 474 τά
322 407 360 474 ἐν
389 417 461 484 ταῖς
490 410 682 491 φυλετικαλς
709 402 894 488 ἐκκλησίαις
916 402 1169 490 ἐπικυρούμενα

138 519 236 582 κοινὰ
267 526 325 601 τής
356 516 483 591 πόλεως
514 512 642 597 ἁπάσης
674 513 821 595 δόγματα
852 513 1057 596 νομίζοντες,
1088 513 1163 580 ἀλλ’

139 623 221 690 αύτὸ
251 624 367 705 μόνοις
396 620 535 697 ἐκείνοις
562 620 663 685 ίδιον·
700 619 718 685 ὅ
742 641 774 682 τι
796 617 828 681 δ’
850 615 893 682 άν
916 619 935 702 ἡ
960 623 1086 704 λοχίτις
1113 620 1168 688 ἐκ·

108 733 259 815 εκλησία
280 741 367 816 γνῷ,
389 729 488 794 τοῦθ’
508 727 689 811 ἡγούμενοι
712 727 809 809 σφίσι
831 726 861 789 τ’
882 725 997 803 αὐτοῖς
1020 728 1076 792 καί
1095 739 1168 806 τοίς

99 839 252 914 δάλλοις
281 838 431 913 πολίταις
460 833 626 918 τετάχθαι.
679 831 805 917 εἴρηται
835 831 873 896 δὲ
901 833 958 897 καί
986 836 1166 920 πρότερον,

139 946 191 1012 ότι
214 943 251 1010 ἐν
273 943 335 1027 μὲν
357 952 428 1020 ταίς
452 935 644 1026 φυλετικαῑς
661 937 847 1022 ἐκκλησίαις
865 939 899 1003 ολ
917 939 1091 1023 δημοτικοί
1108 945 1166 1008 καλ

138 1051 276 1136 πένητες
299 1048 461 1135 ἐκράτουν
482 1057 551 1113 τῶν
573 1047 766 1130 πατρικίων,
789 1043 827 1111 ἐν
849 1045 888 1110 δὲ
909 1056 982 1124 ταίς
1001 1051 1166 1133 λοχίτισιν

139 1157 326 1242 ἐκκλησίαις
344 1156 377 1221 ολ
395 1156 561 1239 πατρίκιοι
579 1155 668 1238 παρὰ
686 1154 773 1218 πολὺ
791 1162 859 1218 τῶν
877 1153 988 1220 ἄλλων
1007 1152 1166 1234 ἐλάττους

95 1287 121 1330 ιο
139 1266 233 1342 ὄντες
255 1274 418 1348 περιήσαν
440 1272 509 1328 τῶν
532 1261 727 1345 δημοτικῶν.

209 1367 389 1436 XXXXVI.
436 1367 563 1434 Τούτου
593 1365 806 1452 κυρωθέντος
835 1365 901 1431 ὑπὸ
931 1378 999 1432 τῶν
1026 1367 1165 1436 ὑπάτων

138 1488 198 1545 τοῦ
228 1480 335 1561 νόμου
366 1479 431 1542 σὺν
460 1476 573 1553 άλλοις
601 1475 690 1540 τισλν
721 1474 831 1559 ὥσπερ
859 1469 946 1558 ἔφην
973 1475 1165 1559 δημοτικοῖς

139 1586 245 1662 εὐθὺς
269 1586 302 1650 ολ
324 1585 486 1669 δήμαρχοι
508 1584 626 1667 καιρὸν
646 1581 834 1666 ἐπιτήδειον
851 1580 945 1664 ήκειν
962 1583 1165 1669 νομίζοντες,

139 1693 177 1759 ἐν
200 1685 228 1780 ω’
250 1694 493 1777 τιμωρήσονται
515 1693 594 1767 τοὺς
611 1689 688 1775 περὶ
706 1689 767 1754 τὸν
780 1686 937 1772 Ἄππιον,
955 1689 1166 1774 εἰσαγγελίας

95 1821 121 1863 ιε
140 1797 246 1888 ᾤοντο
277 1799 350 1864 δείν
379 1799 585 1880 ποιήσασθαι
613 1799 685 1862 κατ’
712 1795 832 1878 αὐτῶν,
860 1793 920 1880 οὐχ
948 1795 1015 1878 ἅμα
1037 1797 1166 1878 πάντας
1175 1819 1252 1873 εεαε

139 1906 325 1992 ὑπάγοντες
353 1904 419 1970 ὑπὸ
449 1905 511 1988 τήν
541 1904 649 1988 δίκην,
679 1904 735 1969 ἵνα
761 1901 866 1986 μηδὲν
889 1902 1054 1987 ἀλλήλους
1077 1896 1166 1992 ὢφε-

140 2020 254 2099 λῶσιν,
282 2013 366 2080 άλλδι
387 2013 468 2078 καθ’
490 2009 560 2078 ἕνα·
606 2010 689 2098 ῥᾷον
711 2011 775 2095 γὰρ
798 2009 904 2088 οὕτως
926 2009 1165 2095 ὑπελάμβανον

99 2121 446 2207 2εύμεταχειρίστους
475 2116 621 2186 ἔσεσθαι.
672 2117 894 2200 σκοπούμενοι
921 2118 953 2182 δ’
979 2119 1043 2184 ἀπὸ
1071 2122 1165 2199 τίνος

140 2229 182 2295 άν
223 2227 378 2314 ἄρξαιντο
419 2225 702 2311 ἐπιτηδειοτάτου,
746 2226 806 2290 τὸν
843 2222 987 2292 Ἄππιον
1028 2237 1164 2312 πρῶτον

95 2357 122 2399 εο
140 2333 291 2421 ἔγνωσαν
323 2335 484 2402 εὐθύνειν
515 2345 584 2400 τῶν
615 2335 645 2398 τ’
676 2334 787 2398 ἄλλων
823 2331 1034 2417 ἀδικημάτων
1066 2334 1164 2402 ἕνεκα

140 2443 343 2525 μισούμενον
370 2442 436 2507 ὑπὸ
462 2451 523 2508 τοῦ
547 2442 670 2526 δήμου,
692 2440 748 2506 καλ
770 2449 837 2505 τῶν
859 2439 979 2506 νεωστὶ
1001 2442 1078 2527 περὶ
1100 2443 1164 2527 τήν

140 2549 314 2635 παρθένον
346 2548 536 2634 γενομένων
567 2557 792 2633 παρανομιῶν.
842 2545 974 2624 ἑλόντες
1004 2548 1066 2631 μέν
1097 2551 1163 2635 γάρ

140 2666 261 2723 τοῦτον
284 2657 430 2733 εὐπετῶς
452 2654 594 2722 ἐδόκουν
617 2655 762 2720 καὶτῶν
785 2654 897 2720 ἄλλων
918 2658 1106 2741 κρατήσειν,
1132 2659 1164 2723 εί

141 2765 172 2830 δ’
195 2765 259 2831 άπὸ
289 2775 357 2830 τῶν
385 2761 627 2847 ταπεινοτέρων
650 2759 821 2847 ἄρξαιντο,
846 2762 1077 2848 μαλακωτέρας
1099 2763 1163 2830 ὑπ-

96 2891 122 2933 εε
141 2872 329 2956 ελάμβανον
365 2871 423 2948 τὰς
459 2870 560 2957 ὀργάς
593 2879 661 2934 τῶν
692 2875 838 2935 πολιτῶν
867 2870 951 2955 πρὸς
981 2872 1060 2949 τοὺς
1092 2869 1163 2938 ἐπι-

141 2978 367 3064 φανεστάτους
407 2977 463 3042 καὶ
503 2978 713 3054 τελευταίους
754 2975 973 3062 κρινομένους
1013 2974 1163 3064 ἐσεσδαι,

212 3160 229 3206 4
248 3149 334 3208 αύτδν
352 3149 449 3222 μύκαις
463 3152 486 3208 Ο
505 3149 672 3222 αὐτονόμοις
689 3151 734 3207 vel
747 3152 844 3214 αόταῑς
856 3149 953 3222 μόνοις
966 3153 1011 3209 vel
1024 3174 1051 3210 τι
1064 3152 1163 3224 μόνοις

140 3223 244 3278 Reiske
263 3221 434 3293 αύτδααλςο
464 3225 467 3295 λ
498 3223 572 3278 ίδιον
592 3223 614 3279 O
638 3223 699 3278 ίδια
721 3223 865 3292 Kiessling
937 3230 971 3280 13
991 3223 1041 3281 τὸν
1060 3225 1162 3297 καιρὸν

141 3295 299 3364 ἐπιτήδειον
324 3290 398 3349 εἶναι
422 3293 580 3364 νομίζοντες
605 3312 627 3350 ο.
652 3294 824 3365 Grasberger
847 3298 913 3351 tess.
937 3296 1052 3367 Herbip.
1079 3317 1107 3367 p.
1128 3306 1162 3354 10

143 3372 176 3421 16
196 3365 241 3420 ἐπὶ
256 3365 278 3420 Ο
297 3363 353 3420 ὑπὸ
368 3383 436 3420 corr.
451 3366 554 3422 Reiske
568 3365 623 3422 ὑπὸ
638 3365 721 3436 δίκην
736 3365 838 3422 Garrer
851 3367 916 3422 Obs.
931 3386 959 3437 p.
971 3374 1003 3422 τό
1057 3375 1091 3424 25
1105 3379 1162 3426 τῶν

141 3439 249 3491 πολλῶν
268 3453 291 3490 ο.
311 3436 476 3492 dubitanter
493 3438 635 3508 Kiessling
707 3443 740 3491 26
759 3438 808 3492 καὶ
827 3437 881 3492 del.
901 3439 1004 3495 Reiske
