2654 3916
574 208 763 260 -ΙΘ-
1113 206 1237 273 311·

155 334 396 417 ὑπομείναντες
432 333 549 398 δοῦλοι
584 331 760 416 γενέσθαι,
797 333 853 398 ἵνα
889 333 1040 417 λαμπράς
1075 352 1180 417 παρα-

155 447 318 506 τνθῶνται
340 437 420 504 καθ’
435 438 562 524 ἡμέραν
584 439 744 526 τραπέζας
766 439 822 505 καί
844 441 990 516 πολλοὺς
1011 439 1180 526 θεράπον-

155 571 214 625 τας
240 546 463 634 περιάγονται
489 547 546 612 καί
572 556 743 631 γυναικῶν
765 547 821 613 καλ
847 547 978 613 παίδων
1004 546 1180 632 εὐπρεπῶν

156 651 307 740 ἀφειδεῖς
339 653 538 732 ἀπολαύσεις
569 654 794 738 λαμβάνωσιν,
831 653 942 741 ὥσπερ
980 651 1018 720 όν
1049 654 1180 733 τούτοις

156 773 214 847 τῆς
245 760 464 846 ἀνθρωπίνης
496 760 709 844 εὐδαιμονίας
740 760 907 846 κειμένης,
945 759 1017 826 ἀλλ’
1048 761 1110 826 ούκ
1142 761 1180 828 ἐν
1211 782 1224 823 ι

156 866 272 956 άρετης
309 866 382 955 (25)
415 868 527 934 αὐτῶν
559 868 597 934 δὲ
629 869 768 952 τούτων,
807 869 863 934 ἵνα
899 871 1098 958 συγχωρήσῃ
1129 867 1219 946 τιςῠ

155 976 241 1041 αὐτὰ
264 980 389 1060 πολλῆς
411 968 498 1041 εἶναι
521 975 670 1059 σπουδῆς
693 972 778 1058 άξια,
800 976 851 1052 τίς
874 971 996 1058 γένοιτ’
1016 974 1058 1041 δν
1083 976 1180 1061 ἱλαρὰ

154 1093 271 1168 χρῆσις
293 1082 355 1148 ούκ
378 1079 501 1167 ἔχουσα
522 1083 560 1148 τό
582 1081 735 1166 βέβαιονς
758 1079 813 1166 ἐφ’
830 1081 912 1164 ὑμῖν
930 1082 993 1167 γάρ
1017 1080 1087 1148 ἐστι
1109 1093 1180 1162 τοῖς

154 1189 337 1275 παρέχουσι
359 1191 418 1267 τὰς
438 1191 564 1274 ἡδονάς
585 1189 722 1272 ταύτας,
745 1189 826 1255 ὅταν
845 1188 941 1254 αύτολ
958 1189 1096 1274 θέλητε,
1118 1190 1180 1256 πά-

155 1302 210 1362 λιν
233 1296 336 1373 αύτᾶς
358 1295 586 1383 ἀφαιρεῖσθαι.
628 1295 671 1362 ἐῶ
694 1298 758 1382 γάρ
783 1295 893 1380 λέγειν
910 1298 990 1374 τοὺς
1013 1299 1179 1382 φθόνους,
1198 1317 1225 1359 ω

154 1405 213 1481 τὰς
242 1402 415 1486 διαβολάς,
444 1404 482 1469 τὸ
511 1403 638 1488 μηδένα
667 1405 793 1496 χρόνον
823 1404 904 1468 άνευ
932 1403 1096 1468 κινδύνου
1123 1404 1180 1470 καί

155 1512 266 1596 φόβου
295 1513 364 1594 ζῆν,
390 1505 494 1576 τᾶλλα
521 1511 643 1595 πολλά,
671 1511 734 1577 ὅσα
761 1510 856 1597 φέρει
883 1510 1009 1595 χαλεπὰ
1035 1511 1091 1576 καὶ
1116 1511 1180 1576 οὐκ

155 1615 229 1695 άξια
251 1619 411 1702 γενναίου
435 1621 647 1704 φρονήματος
669 1617 688 1684 ό
707 1619 796 1702 παρὰ
816 1627 886 1696 τοῖς
904 1620 1079 1701 βασιλεῦσι
1096 1619 1179 1702 βίος.

153 1725 198 1808 μὴ
220 1725 365 1809 τοσαύτη
386 1727 488 1808 μανία
508 1724 665 1810 κατάσχοι
687 1727 882 1810 Φαβρίκιον,
906 1725 989 1790 ὥστε
1007 1725 1070 1810 την
1087 1746 1179 1812 περι·
1198 1725 1218 1790 6

154 1833 280 1916 βόητον-
296 1833 519 1898 καταλιπόντα
533 1829 659 1917 Ῥώμην
676 1833 737 1899 τὸν
755 1830 794 1898 έν
808 1829 954 1921 Ἠπείρῳ
975 1831 1179 1918 προελέσθαι
1198 1853 1223 1894 ιι

154 1939 242 2022 βίον,
278 1939 334 2004 καί
368 1936 445 2018 ἐξὸν
474 1939 637 2024 ἡγεμόνος
668 1940 827 2024 ἡγεῖσθαι
858 1940 985 2016 πόλεως
1016 1935 1076 2023 ὑφ’
1103 1937 1179 2016 ἑνὸς

154 2045 278 2130 ἀνδρὸς
304 2047 468 2133 ἄρχεσθαι
489 2047 605 2131 Ιμηθὲν
633 2045 709 2110 ίσου
730 2055 801 2122 τοῖς
828 2045 942 2122 ἄλλοις
969 2053 1180 2130 φρονοῦντος

153 2153 209 2218 καί
231 2153 272 2217 τὰ
295 2154 379 2238 πρὸς
400 2154 528 2239 ἡδονὴν
549 2151 685 2218 ἀκούειν
702 2153 793 2236 παρὰ
815 2152 951 2217 πάντων
968 2147 1178 2228 έθισθέντος.

154 2255 227 2345 (26)
257 2255 393 2336 ἀλλάξαι
420 2257 482 2340 μέν
504 2281 542 2342 γε
569 2259 607 2324 τὸ
636 2260 793 2344 φρόνημα
819 2258 875 2323 καλ
898 2258 1056 2322 ταπεινὸν
1079 2255 1217 2340 ἐμάν-7

154 2365 213 2429 τὸν
232 2373 368 2448 ποιῆσαι
386 2366 601 2450 βουλόμενος,
625 2365 681 2432 ἵνα
703 2365 809 2450 μηδὲν
827 2364 1017 2454 ύποπτεύης
1039 2361 1072 2442 ἐξ
1095 2361 1177 2448 ἐμοῦ
1196 2388 1224 2429 ιο

153 2472 267 2554 κακόν,
296 2471 358 2536 οὐκ
381 2470 423 2537 δν
446 2472 625 2557 δυναίμην·
655 2473 822 2556 διαμένων
845 2471 883 2538 δὲ
911 2480 1075 2556 τοιοῦτος,
1104 2462 1178 2538 οίον

152 2578 173 2663 ἡ
202 2576 305 2664 φύσις
331 2578 387 2644 καὶ
416 2579 457 2644 τὰ
486 2575 550 2664 ἔθη
580 2579 741 2664 πεποίηκέ
766 2601 822 2663 με,
851 2581 957 2666 βαρὺς
985 2579 1180 2665 φανήσομαί

154 2701 208 2752 σοι
239 2685 295 2752 καί
326 2693 492 2770 περισπᾶν
524 2683 609 2764 δόξω
642 2688 704 2771 την
735 2687 917 2771 ἡγεμονίαν
945 2687 992 2764 είς
1024 2683 1177 2768 ἐμαυτόν.

153 2794 191 2858 τὸ
215 2789 246 2858 δ’
265 2793 346 2859 ὅλον
369 2789 432 2878 ἔχω
455 2809 510 2858 σοι
530 2803 717 2880 παραινεῖν,
739 2793 783 2878 μη
803 2793 854 2860 ὅτι
876 2794 1071 2878 Φαβρίκιον,
1094 2790 1178 2856 ἀλλὰ

153 2900 231 2985 μηδ’
253 2902 357 2967 ἄλλον
384 2899 510 2984 μηδένα
537 2900 696 2985 δέχεσθαι
722 2910 762 2986 τῇ
790 2902 943 2987 βασιλείᾳ
968 2901 1048 2983 μήτε
1071 2899 1178 2982 κρείτ·
1195 2921 1222 2963 οι

226 3185 242 3233 3
270 3179 417 3251 ἐκπρεπῶν
445 3198 467 3236 ο.
491 3180 589 3237 Nabar
613 3183 715 3238 Mnem.
738 3188 781 3251 80,
803 3187 855 3238 260
941 3188 958 3236 4
985 3181 1176 3306 λαμβάνωσιν]

154 3249 344 3322 λαμβάνουσιν
361 3252 458 3308 Ambr.
477 3253 648 3324 Kiesslingio
666 3256 740 3309 teste
801 3259 817 3308 8
836 3251 887 3323 ὑφ’
905 3255 971 3323 ύμῖν
990 3253 1042 3306 Am
1065 3273 1085 3307 r.
1106 3270 1175 3308 corr.

154 3321 254 3376 Βίτωνα
282 3322 286 3394 Ι
316 3321 357 3377 δτι
374 3325 470 3380 Ambr.
490 3323 548 3379 ἔστι
566 3325 659 3380 Maius
736 3331 769 3380 12
792 3318 879 3380 τάλλα
898 3323 949 3379 ὅλα
968 3323 1021 3381 όσα
1039 3323 1176 3390 Ambr.Q

154 3391 205 3446 όλα
228 3409 282 3447 om,
301 3393 396 3450 Ambr.
415 3396 441 3449 Δ
465 3395 517 3450 όλα
540 3399 591 3451 μοι
614 3396 800 3452 omittendum
823 3398 873 3450 aut
890 3395 979 3451 πολλὰ
997 3395 1176 3451 scribendum

154 3479 214 3518 οιεε
233 3481 256 3518 ο.
272 3463 371 3519 Βλωνε
444 3472 477 3521 19
497 3464 598 3524 ἑαυτὸν
617 3467 713 3524 Ambr.
734 3465 854 3538 ἐμαυτόν
872 3467 1016 3539 Kiessling
