2662 3920
577 224 734 272 -1-
1119 225 1160 290 21

143 351 249 431 βωσιν
279 343 372 414 οὑτοι
401 348 566 412 κοινωνὸν
593 339 680 412 εἶναι
706 357 764 432 τῆς
792 348 1016 432 συνωμοσίας,
1039 349 1082 432 ἣν
1105 345 1158 434 ἐφ’

143 455 224 537 ὑμῖν
252 455 308 520 καί
337 466 383 542 τῷ
413 455 505 541 δήμω
533 453 739 540 πράττεσθαι
766 453 891 538 λέγετε,
918 454 938 539 ἢ
966 456 1050 534 <τά>
1078 455 1162 541 ὑπὲρ

143 560 286 644 ἐμαυτοῦ
310 561 444 628 δεδιότα
465 561 486 645 ἣ
509 571 577 626 τῶν
600 559 689 643 ἐμῶν
706 583 798 638 τινος
815 559 935 646 ἐνόχου
953 571 1025 639 ταῖς
1044 563 1164 639 αἰτίαις

141 670 239 746 ὄντος
266 669 443 735 ἀνεστάναι
469 668 629 734 τάναντία
656 668 737 751 ὑμῖν
764 667 918 754 ἐροῦντα·
951 667 969 733 ὁ
998 670 1063 753 γάρ
1090 671 1164 752 βίος

142 776 281 842 ἀπολύει
303 800 343 860 με
366 776 472 861 πάσης
494 775 641 856 ὑποψίας
663 776 825 860 τοιαύτης.
871 774 892 840 ἀ
915 775 953 840 ἀὲ
975 778 1096 859 νομίζω
1122 786 1162 862 τῇ
1195 797 1206 836 ε

141 907 176 948 τε
199 887 305 970 βουλη
329 883 452 969 καὶτῷ
476 883 568 970 ὑημφ
592 881 786 968 συμφέρειν,
813 882 961 948 ἀπὸτοῦ
985 885 1162 968 κρατίστου

141 992 196 1056 καί
228 991 305 1076 δίχα
334 990 441 1075 πάσης
469 985 642 1072 εὐλαβείας
669 987 742 1074 ἐρῶ.
792 995 936 1074 πολλοῦ,
967 994 1093 1071 μᾶλλον
1125 990 1201 1056 δέὃ

141 1107 201 1164 τοῦ
224 1099 348 1176 παντὸς
370 1096 571 1184 ἁμαρτάνειν
594 1097 686 1162 δοκεῖ
709 1121 766 1180 μοι
792 1093 1002 1183 Οὑεργίνιος,
1031 1096 1063 1161 εί
1087 1120 1163 1163 τινα

141 1205 326 1292 ὑπείληφεν
356 1207 451 1290 ἡμῶν
483 1203 583 1291 ἐρεῖν,
619 1203 639 1288 ἣ
676 1204 720 1281 ὡς
752 1202 968 1282 ἀνεξέταστον
1000 1203 1162 1289 ἀφεῖσθαι

59 1329 131 1376 2014
141 1313 194 1378 ὑεῖ
219 1322 354 1399 πρᾶγμα
382 1312 487 1390 οὑτως
514 1312 555 1377 όν
581 1311 665 1394 μέγα
692 1311 748 1376 καὶ
775 1310 968 1395 ἀναγκαῖον,
998 1310 1018 1396 ἢ
1047 1311 1091 1388 ὡς
1120 1308 1161 1377 ού
1180 1334 1207 1373 ιο

141 1420 193 1484 ὑεῖ
227 1428 404 1485 κοινωνεῖν
440 1415 521 1484 ούὺὲ
556 1427 711 1504 παρεῖναι
746 1426 787 1503 τῇ
824 1420 953 1502 ζητησει
988 1419 1067 1495 τοὺς
1103 1418 1161 1484 ἀν-

141 1529 318 1611 ειληφότας
339 1527 401 1610 τὴν
424 1533 484 1590 τοῦ
508 1526 615 1610 δήμου
639 1525 753 1612 ἀρχην.
794 1521 911 1602 ούθελς
934 1525 1011 1590 ούτε
1028 1525 1162 1609 ἠλίθιός

141 1631 232 1722 ἐστιν
263 1632 369 1710 οὑτως
401 1632 478 1697 ούτε
513 1643 558 1719 τῷ
596 1633 688 1719 όημφ
724 1634 902 1716 κακόνους,
939 1632 1022 1698 ὥστε
1058 1641 1161 1698 ταῦτα

140 1738 257 1823 λέγειν.
304 1741 339 1805 τί
359 1732 432 1822 οὑν,
456 1737 557 1816 εἴτις
580 1736 689 1825 έροιτό
711 1761 763 1823 με,
791 1739 923 1822 παθών,
951 1737 972 1803 ὑ
1000 1749 1160 1825 συγχωρῶ
1179 1741 1200 1804 4

140 1849 198 1911 καί
214 1869 298 1932 φημι
319 1846 430 1912 δίκαια
454 1839 549 1929 εἶναι,
573 1846 704 1923 τούτοις
727 1843 906 1923 ἀντιλέξων
929 1845 1082 1931 ἀνέστην,
1105 1847 1159 1912 καί
1180 1868 1204 1908 ιε

139 1956 174 2019 τί
200 1956 359 2036 βούλεταί
385 1978 450 2037 μου
481 1953 499 2018 ὁ
530 1956 643 2038 λόγος,
674 1951 738 2036 ἐγὼ
765 1954 807 2037 νὴ
835 1954 904 2018 Δία
932 1953 1049 2038 φράσω
1077 1955 1161 2039 πρὸς

139 2061 231 2143 ὑμᾶς.
277 2062 402 2139 παντὸς
429 2062 539 2144 οἴομαι
568 2061 641 2125 δεῖν
668 2059 872 2145 πράγματος,
900 2055 925 2125 ὑ
953 2062 1074 2144 βουλή,
1102 2061 1160 2138 τὰς

139 2166 241 2251 ἀρχὰς
262 2167 318 2232 καὶ
340 2169 399 2246 τὰς
422 2169 553 2255 πρώτας
575 2167 755 2244 ὑποθέσεις
777 2170 856 2244 τοὺς
881 2161 919 2232 εὑ
948 2174 1160 2252 φρονοῦντας

139 2273 282 2358 ἀκριβῶς
310 2284 459 2340 σκοπεῖν·
490 2266 558 2340 οἷαι
584 2275 648 2359 γὰρ
677 2273 719 2338 ἀν
749 2268 846 2338 αὗται
875 2273 1021 2357 τύχωσιν
1050 2267 1159 2358 οὑσαι,

138 2380 311 2457 τοιούτους
338 2377 465 2465 ἀνάγκη
492 2376 649 2464 γίνεσθαι
675 2380 731 2444 καὶ
757 2382 836 2456 τοὺς
863 2379 940 2465 περὶ
967 2379 1077 2445 αὐτῶν
1104 2383 1159 2447 λό-
1177 2403 1203 2442 ω

137 2511 226 2570 γους.
273 2486 355 2573 φέρε
378 2488 434 2572 δή,
461 2489 510 2564 τίς
532 2489 552 2570 ἡ
576 2487 675 2552 τοῦδε
699 2495 759 2552 τοῦ
782 2486 973 2571 πράγματος
995 2487 1158 2565 ὑπόθεσίς
1177 2489 1197 2551 ὑ

138 2593 208 2658 ἐστι
229 2594 285 2659 καί
307 2596 342 2660 τί
362 2596 399 2660 τὸ
421 2594 591 2676 βούλευμα
608 2605 676 2659 τῶν
694 2594 882 2679 δημάρχων,
903 2591 1068 2660 ἀκούσατέ
1083 2619 1156 2678 μου.

137 2697 200 2766 ούκ
223 2699 303 2786 ἐνῆν
323 2701 454 2778 τούτοις
472 2700 582 2786 οὐδέν,
606 2696 654 2766 ὧν
672 2700 711 2768 ἐν
728 2712 774 2788 τῷ
793 2703 998 2788 παρελθόντι
1016 2700 1157 2788 ἐνιαυτῷ

137 2807 293 2893 πράττειν
323 2806 577 2891 ἐπιβαλλόμενοι
609 2809 872 2893 ὑιεκωλύθησαν,
904 2807 1158 2876 ἐπιτελέσασθαι

137 2923 202 2980 νὺυ
229 2915 323 2998 ὑμῶν
350 2939 385 2981 τε
411 2914 677 2998 ἐναντιουμένων
707 2913 819 2993 αὑτοῖς
847 2917 891 2994 ὡς
914 2917 1078 3002 πρότερον
1100 2916 1156 2982 καὶ
1175 2935 1200 2975 ²⁵

209 3097 225 3145 2
244 3088 359 3165 λέγετ<ε
378 3089 417 3165 ἢ)
436 3091 472 3146 τὰ
489 3091 536 3146 Bb
560 3089 649 3162 λέγετε
668 3091 729 3162 ἤτοι
750 3109 772 3146 c.
793 3090 881 3146 Cobet
900 3091 964 3146 Obs.
984 3109 1011 3160 p.
1028 3097 1079 3146 188
1102 3091 1155 3146 *τὰ

138 3162 228 3217 delevi
301 3169 317 3217 8
343 3164 380 3226 ὡς
405 3161 505 3234 ἐνόγου
529 3163 551 3218 Ο
576 3166 690 3232 praeter
711 3163 734 3216 Β
807 3169 824 3218 4
848 3162 935 3225 οὑτως
958 3163 1109 3218 ἀνεστάναι
1130 3166 1154 3216 Α

137 3232 218 3296 ὄντος
243 3234 394 3290 ἀνεστάναι
421 3235 444 3289 Β
527 3241 560 3290 10
586 3233 673 3296 οὑτως
698 3231 731 3289 όν
756 3232 826 3304 μέγα
852 3237 877 3287 Α
909 3235 1010 3290 οὑτωσί
1035 3232 1105 3304 μέγα
1134 3235 1153 3286 Β

137 3311 171 3358 14
195 3305 221 3359 εἰ
243 3323 296 3362 om.
318 3306 341 3359 B
373 3307 375 3377 Ι
403 3305 490 3361 verba
515 3305 546 3360 εί
565 3326 607 3368 τις
631 3303 723 3374 ἔροιτό
746 3326 778 3375 με
801 3307 904 3359 desunt
925 3307 956 3359 in
979 3306 1045 3360 edit.
1066 3307 1153 3360 Paris.

138 3381 171 3430 18
190 3377 302 3444 πρώτας
319 3395 372 3432 om.
392 3379 418 3432 A
491 3383 523 3431 22
543 3375 575 3432 τὸ
596 3377 692 3432 om.B
721 3377 724 3449 Ι
752 3377 876 3447 βούλημα
896 3376 918 3431 0
942 3393 1011 3432 corr.
1032 3377 1154 3446 Sylburg

137 3453 171 3501 24
190 3445 385 3518 ἐπιβαλόμενοι
403 3465 426 3503 ο.
445 3449 548 3504 Βείεῖεε
612 3455 646 3502 25
665 3457 717 3503 νῖν
737 3450 787 3502 aut
805 3448 955 3502 delendum
974 3450 1025 3502 aut
1042 3451 1153 3501 mutan·

137 3519 204 3572 dum
222 3519 253 3572 in
271 3518 344 3573 κατὰ
361 3529 431 3575 νοῦν
450 3537 510 3574 esse
530 3537 552 3574 0.
571 3519 674 3575 Reiske
693 3527 746 3574 νῖν
764 3538 792 3572 τε
811 3521 888 3588 ὑμῶν
907 3536 929 3573 ο.
949 3518 1092 3587 Kiessling
