2656 3932
148 155 211 219 122
565 182 599 192 -
637 156 677 207 ιι
713 183 747 194 -

218 277 273 344 Vl.
290 277 363 345 Ἔτι
392 277 423 343 δ’
449 279 553 345 αὐτοῦ
584 278 740 363 λέγοντος
769 281 802 346 οἱ
832 278 911 346 δέκα
940 283 1170 366 περιίστανται

145 387 340 470 κεκραγότες
357 382 414 451 καὶ
433 387 495 472 την
512 387 719 472 δημαρχικὴν
737 385 990 465 έπανασείοντες
1012 385 1170 466 όξουσίαν

145 493 201 558 καὶ
224 493 336 579 ῥίψειν
359 492 463 559 αὐτὸν
486 493 699 570 ἀπειλοῦντες
721 495 803 559 κατὰ
825 503 884 580 τῆς
906 493 1041 579 πέτρας,
1068 496 1098 560 ελ
1123 497 1168 579 μὴ

147 602 313 684 σιωπήσει.
363 592 464 688 έφίβ
490 599 612 677 πάντες
638 598 824 686 ἀνέκραγον
851 601 896 678 ὡς
922 601 1170 685 καταλυομένης

116 728 128 767 ι
147 716 244 791 σφῶν
266 717 325 791 τῆς
346 705 555 792 ἐλευθερίας,
576 707 632 772 καλ
654 709 777 790 μεστὸν
797 704 841 792 ἦν
860 707 1111 794 ἀγανακτησεώς
1133 731 1170 774 τε

107 813 202 880 2καὶ
219 813 375 898 θορύβου
394 815 431 879 τὸ
451 813 639 899 συνέδριον.
675 824 746 892 τοῖς
765 814 879 898 μέντοι
896 814 976 881 δέκα
993 814 1170 898 μετέμελεν

147 919 274 996 εὐθέως
301 930 358 1005 τῆς
385 943 420 985 τε
447 921 621 998 κωλύσεως
647 930 708 987 τοῦ
732 920 842 1006 λέγειν
864 923 999 1007 καὶτῆς
1022 922 1169 1008 ἀπειλῆς,

147 1028 191 1104 ὡς
218 1026 444 1112 ἠρεθισμένην
471 1021 563 1094 εἶδον
590 1027 645 1094 ἐπὶ
671 1040 717 1115 τῷ
745 1029 911 1112 πράγματι
937 1031 999 1113 τὴν
1026 1033 1255 1114 βουλήνεετκ

147 1130 258 1200 ἔπειτα
285 1135 485 1219 προσελθὼν
507 1134 541 1213 ἐξ
569 1135 680 1202 αὐτῶν
694 1134 836 1212 ’Ἁππιος
862 1135 918 1200 καί
943 1136 1077 1220 δεηθείς
1099 1148 1169 1202 τῦν

103 1265 129 1304 ιο
146 1241 391 1327 θορυβούντων
427 1244 557 1328 βραχὺν
593 1240 741 1328 ἐπισχεῖν
774 1243 910 1327 χρόνον,
947 1239 1060 1328 ἐπειδὴ
1093 1267 1170 1308 κατ·

108 1347 270 1415 δέστειλε
293 1347 330 1414 τὸ
354 1350 597 1434 ταραττόμενον
620 1349 743 1415 αὐτῶν·
775 1348 908 1415 Οὐδένα
930 1347 1036 1434 ὑμῶν,
1064 1344 1169 1433 εἶπεν,
1302 1385 1303 1444 ρ

147 1455 405 1541 ἀποστεροῦμεν,
433 1451 459 1521 ὦ
487 1455 607 1541 ἀνδρες
634 1458 827 1540 βουλευταί,
855 1458 973 1541 λόγου,
1001 1455 1038 1533 ὃς
1065 1455 1107 1522 δν
1130 1455 1169 1522 έν

146 1574 191 1648 τῷ
215 1565 418 1647 προσήκοντι
440 1573 543 1651 καιρῷ
567 1563 660 1653 λέγη,
684 1565 763 1640 τοὺς
785 1560 816 1627 δ
835 1561 1091 1642 ἐπιπολάζοντας
1113 1565 1170 1630 καί
1302 1597 1303 1650 η

146 1669 228 1802 πρίν
249 1669 270 1754 ἢ
294 1673 461 1754 κληθῆναι
488 1667 881 1754 προεξανισταμένους
856 1671 1037 1756 είργομεν.
1064 1671 1170 1755 μηδὲν
1302 1691 1303 1784 ρ

103 1798 128 1838 ιε
147 1771 210 1842 οὖν
237 1775 415 1860 ἀγανακτεῖ
413 1798 466 1906 τε,
493 1776 549 1841 καλ
575 1778 640 1861 γδρ
664 1773 801 1865 Ορατίω
828 1777 884 1842 καί
914 1777 1086 1865 Οὐαλερίῳ
1113 1803 1169 1844 και
1302 1807 1303 1884 ρ

147 1884 248 1950 παντὶ
280 1884 368 1970 ἀλλω
401 1883 538 1966 γνώμην
570 1881 744 1967 ἀγορεύειν
776 1881 813 1948 ἐν
844 1894 890 1968 τῷ
925 1882 1046 1950 ἑαυτοῦ
1078 1887 1169 1972 τόπῳ
1302 1903 1303 1968 η

147 1993 229 2056 κατὰ
260 1991 320 2056 τὸν
352 1987 492 2076 ἀρχαῖον
523 1987 665 2072 ἐθισμὸν
696 1989 753 2054 καί
783 1991 909 2072 κόσμον
941 1949 1169 2075 ἀποδώσομεύ,
1302 2011 1303 2056 1

147 2097 206 2164 έάν
235 2121 273 2182 γε
323 2091 450 2182 περὶ
430 2121 478 2162 ων
507 2099 768 2180 βουλευσόμενοι
798 2097 1063 2182 συνεληλύθατε,
1092 2099 1169 2181 περὶ
1302 2083 1303 2168 ί

107 2205 275 2270 4τούτων
305 2203 426 2288 λέγωσι
454 2203 510 2270 καὶ
539 2204 644 2289 μηδὲν
671 2201 745 2282 ἔξω·
775 2201 834 2270 ἐὰν
862 2204 900 2270 δὲ
927 2205 1169 2289 δημαγωγῶσιν

103 2333 129 2372 ιο
147 2311 232 2394 ὑμᾶς
263 2311 319 2376 καὶ
351 2311 604 2390 διαστασιάζωσι
635 2312 696 2396 την
728 2313 827 2376 πόλιν
859 2312 899 2377 τά
935 2312 979 2395 μὴ
1016 2312 1099 2396 πρὸς
1131 2313 1168 2376 τὸ

147 2427 281 2502 πρᾶγμα
311 2417 593 2502 δημηγοροῦντες,
623 2417 724 2483 οὐδὲν
753 2420 838 2485 τότε·
869 2419 930 2502 τὴν
960 2415 991 2481 δ’
1013 2415 1169 2496 ἐξουσίαν

147 2533 207 2590 τοῦ
244 2524 386 2588 κωλύειν
421 2525 500 2602 τοὺς
537 2523 779 2608 ἀκοσμοῦντας,
817 2520 843 2590 δι
880 2525 999 2611 Μάρκε
1032 2522 1168 2614 Ὁράτιε,

147 2631 237 2716 παρδ
263 2638 324 2695 τοῦ
352 2631 459 2714 δήμου
487 2633 646 2714 λαβόντες
673 2627 800 2716 ἔχομεν,
831 2632 884 2697 ὅτε
913 2632 994 2715 ἡμῖν
1022 2631 1078 2696 καί
1107 2633 1169 2716 τὴν

147 2749 215 2804 τῶν
233 2736 369 2802 δπάτων
387 2737 443 2802 καί
464 2738 526 2822 τὴν
544 2748 612 2803 τῶν
630 2738 808 2824 δημάρχων
826 2737 932 2824 ἀρχὴν
950 2735 1248 2823 &mmmmm

103 2865 128 2905 ει
147 2845 203 2911 καλ
235 2844 253 2910 ὁ
285 2845 406 2930 χρόνος
437 2844 539 2930 αὐτῆς
571 2845 663 2910 ούπω
695 2847 939 2930 παρελήλυθεν,
972 2845 1082 2930 ὥσπερ
1115 2860 1169 2909 σοι

108 2950 247 3018 5δοκεῑ.
298 2952 339 3018 οὐ
372 2952 435 3036 γὰρ
468 2952 516 3029 είς
547 2949 703 3018 ἐνιαυτὸν
734 2951 989 3036 ἀπεδείχθημευ,
1022 2949 1095 3016 οὐδ’
1121 2952 1169 3028 εἰς

221 3132 237 3181 9
251 3127 416 3194 προσελθων
431 3125 453 3180 O
468 3129 616 3194 προελθων
629 3094 730 3182 Portus
787 3133 820 3180 10
834 3125 958 3196 ἐπισχεῖν
972 3125 994 3179 L
1009 3125 1129 3196 ἐπισχὼν
1144 3125 1168 3179 R

150 3199 224 3253 1ῦῶ
203 3195 312 3290 αρατίηι
290 3198 380 3252 ωτιαί
399 3195 515 3270 δαλερίηο
531 3197 553 3252 Ο
609 3202 697 3267 19δη
698 3219 753 3268 μγα
728 3197 862 3253 ’ωσινἾ
917 3203 950 3252 21
969 3194 1167 3252 ούδὲντότεΟ

149 3269 184 3324 τδι
203 3269 239 3338 μὴ
257 3267 328 3336 πρὸς
345 3266 377 3324 τδ
395 3277 510 3338 πρᾶγμα
525 3219 717 3338 συμφέρονταμ
715 3219 799 3324 οάδδν
818 3285 841 3323 ο
857 3268 991 3339 Sylhnrg,
1005 3270 1070 3337 post
1084 3267 1168 3322 οῦδὲν

151 3340 259 3466 ολίηιρδ
280 3339 419 3464 ἱεροίδὶεεο
440 3341 474 3394 ut
497 3339 652 3410 ἐνδώσομεν
672 3341 808 3402 α.ῦτοῑςο
823 3339 966 3410 Kiessling
993 3340 996 3412 ί
1025 3339 1056 3394 δέ
1076 3356 1129 3394 om
1145 3338 1167 3394 Ο

150 3427 218 3481 prae
233 3427 263 3465 er
