2656 3932
145 187 208 253 118
561 215 595 224 ··
632 189 672 240 ῙΑ
708 215 743 226 -

142 313 252 399 χρόνω
289 309 472 393 πέμποντες
508 308 564 376 ἐπὶ
598 313 677 388 τοὺς
713 311 837 396 ἀγροὺς
872 308 1005 377 ἐκεῖθεν
1041 310 1247 388 αὐτοὺςτιεσ

143 416 292 484 ἐκάλονν.
345 415 583 502 πληρωθέντος
614 417 652 482 δέ
682 427 743 483 τοῦ
775 417 955 501 συνεδρίου
984 418 1164 502 προελθὼν

135 522 290 607 Ἄππιος,
323 523 341 590 ὁ
373 529 432 609 τῆς
461 525 678 609 δεκαδαρχίας
709 525 852 608 ἡγεμών,
883 523 1083 608 ἀπήγγειλεν
1112 524 1164 589 ότι

144 631 283 715 διχόθεν
314 630 379 696 ἀπό
411 653 446 696 τε
475 632 634 697 Αἰκανῶν
662 631 719 696 καλ
748 632 907 714 Σαβίνων
936 629 1091 715 ἐποίχεται
1122 640 1162 716 τῇ

113 735 243 828 ιῬόμη
265 739 421 821 πόλεμος·
445 739 501 804 καί
524 736 679 823 διεξῆλθε
702 740 804 822 λόγον
826 735 863 803 ἐκ
885 742 1011 822 πολλῆς
1033 741 1164 821 συχναί·
1300 747 1302 854 χ

143 867 246 928 μενον
278 843 478 929 ἐπιμελείας,
510 840 551 910 οὐ
583 843 677 923 τέλος
706 841 750 930 ἧν
776 847 992 930 ψηφίσασθαι
1021 854 1164 930 στρατοῦ
1302 869 1303 934 χ

143 953 361 1038 καταγραφὴν
390 951 446 1016 καλ
475 951 532 1017 διὰ
560 952 681 1038 τάχους
709 958 846 1036 ποιῆσαι
874 953 936 1036 τὴν
963 948 1091 1036 ἔξοδον,
1120 953 1166 1029 ὡς

104 1058 126 1122 4
145 1058 185 1124 οὐ
209 1059 363 1136 διδόντος
385 1057 602 1144 ἀναστροφὴν
623 1067 684 1124 τοῦ
706 1068 833 1144 καιροῦ.
874 1066 978 1123 ταῦτα
1000 1058 1038 1124 δὲ
1060 1058 1164 1124 αὐτοῦ

145 1163 300 1249 λέγοντος
323 1164 495 1231 ἀνίσταται
513 1165 656 1242 Λεύκιος
680 1165 862 1250 Οὐαλέριος
884 1163 1076 1247 ἐπωνυμίαν
1095 1169 1166 1230 Πο-

101 1292 126 1332 ιο
144 1281 247 1355 τλτος,
275 1272 360 1358 ἀνὴρ
387 1271 471 1356 μέγα
498 1283 637 1357 φρονῶν
664 1270 719 1338 ἐπὶ
746 1281 815 1349 τοῖς
837 1273 1029 1358 προγόνοις·
1057 1275 1165 1357 πατὴρ

143 1378 205 1461 μέν
225 1379 289 1464 γὰρ
313 1379 402 1467 αὐτῷ
423 1377 605 1463 Οὐαλέριος
626 1375 669 1463 ἦν
692 1378 710 1444 ὁ
733 1380 793 1444 τὸν
811 1381 963 1461 Σαβῖνον
981 1376 1166 1463 Ἑρδώνιον

144 1483 402 1570 ἐκπολιορκήσας
428 1485 608 1570 κατέχοντα
634 1487 672 1551 τὸ
696 1485 924 1568 Καπετώλιον,
952 1485 1008 1550 καί
1036 1487 1075 1550 τὸ
1104 1485 1166 1568 μέν

145 1592 311 1677 φρούριον
334 1591 615 1676 ἀνακτησάμενος,
643 1593 743 1670 αὐτὸς
766 1591 797 1657 δ’
819 1591 855 1658 ἐκ
877 1597 936 1677 τῆς
958 1592 1062 1676 μάχης
1084 1591 1166 1657 ἀπο·

144 1700 275 1764 θανών·
305 1699 438 1775 πάππος
467 1698 506 1764 δὲ
534 1701 617 1784 πρὸς
647 1700 771 1785 πατρὸς
797 1701 1010 1776 Ποπλικόλας
1039 1697 1057 1762 ὁ
1087 1701 1166 1776 τοὺς

101 1825 127 1866 ιι
145 1808 293 1889 βασιλείς
322 1803 471 1888 ἐκβαλὼν
500 1806 556 1870 καὶ
586 1807 648 1890 τὴν
678 1805 933 1891 ἀριστοκρατίαν
963 1806 1166 1890 καταστησά-

105 1911 126 1977 5
144 1935 251 1996 μενος.
297 1914 459 1998 παριόντα
482 1908 512 1976 δ’
531 1911 635 1978 αὐτὸν
657 1908 706 1978 ἐτι
727 1913 930 1995 καταμαθὼν
947 1911 1089 1990 ’Ἇππιος
1110 1913 1166 1978 καὶ

144 2019 223 2085 καθ’
247 2018 367 2086 ἑαυτοῦ
397 2042 429 2083 τι
459 2017 565 2097 λέξειν
594 2018 743 2096 ἐλπίσας·
778 2019 848 2104 Οὐχ
879 2014 976 2097 οὗτος
1006 2018 1024 2084 ὁ
1055 2021 1166 2104 τόπος,
1176 2037 1249 2086 εισι

145 2120 247 2211 εἶπεν,
270 2123 296 2193 ἀι
318 2125 493 2210 Οὐαλέριε,
517 2128 590 2211 σός,
613 2127 694 2193 οὐδὲ
711 2129 870 2213 προσήκει
889 2143 943 2192 σοι
962 2135 1027 2192 νῦν
1046 2125 1166 2210 λέγειν,

145 2232 216 2298 ἀλλ’
247 2234 328 2300 ὅταν
360 2235 431 2300 οίδε
465 2235 498 2300 οί
533 2235 754 2320 πρεσβύτεροι
789 2233 844 2298 καί
880 2233 1069 2319 τιμιώτεροί
1104 2249 1166 2299 σου

101 2359 128 2399 ¹⁰
144 2340 280 2425 γνώμην
308 2340 528 2427 ἀγορεύσωσι,
557 2343 631 2406 τότε
657 2341 713 2406 καί
741 2341 783 2404 σὺ
811 2340 948 2424 κληθείς
976 2338 1062 2426 ἐρεῖς
1089 2341 1106 2406 ὅ
1134 2364 1167 2405 τι

146 2462 200 2512 σοι
223 2448 326 2512 δοκεῖ·
352 2457 417 2512 νῦν
440 2448 477 2513 δὲ
501 2449 608 2513 σιώπα
630 2448 686 2513 καὶ
709 2447 848 2531 κάθησο.
891 2443 978 2512 Ἀλλ’
997 2447 1058 2532 οὐχ
1081 2447 1166 2532 ὑπὲρ

145 2553 284 2636 τούτων,
319 2549 443 2638 ἔφησεν
475 2553 493 2619 ὁ
529 2554 724 2640 Οὐαλέριος,
761 2553 924 2638 ἀνέστηκα
956 2552 1053 2639 ἐρῶν,
1090 2551 1162 2619 ἀλλ’

146 2658 231 2746 ὑπὲρ
254 2660 364 2724 ἀλλων
387 2662 547 2742 μειζόνων
569 2683 605 2725 τε
627 2662 682 2726 καί
706 2659 983 2746 ἀναγκαιοτέρων,
1009 2659 1095 2745 ὑπὲρ
1118 2655 1167 2725 ὧν

107 2765 127 2828 6
147 2766 257 2849 οἴομαι
280 2766 353 2831 δείν
375 2777 509 2852 πρῶτον
532 2765 672 2832 ἀκοῦσαι
698 2768 760 2851 τὴν
782 2769 919 2852 βουλήν.
964 2766 1111 2832 είσονται
1134 2765 1164 2830 δ’

220 3019 235 3066 2
249 3011 448 3080 προσελθὼνΟ
463 3029 531 3068 corr.
542 3013 643 3068 Portus
656 3014 807 3081 παρελθὼν
822 3030 845 3068 e.
855 3012 979 3067 Reudler
992 3011 1082 3068 Tiroc.
1095 3031 1122 3082 p.
1134 3019 1168 3068 65

149 3090 165 3138 3
185 3082 335 3154 δεκαρχίας
349 3083 372 3139 Ο
389 3101 458 3139 corr.
473 3084 616 3154 Kiessling
636 3084 639 3156 λ
661 3085 814 3154 ἀπήχχελεν
829 3083 877 3137 LV
896 3084 1061 3153 ἀπήγγειλεν
1075 3084 1169 3139 Κίεεε-

148 3155 209 3224 ling
277 3160 292 3208 9
311 3153 438 3224 χαλέριος
458 3155 511 3209 hoe
531 3155 650 3225 aliisque
668 3155 738 3210 locis
757 3155 780 3210 Ο
849 3159 883 3208 10
901 3153 1094 3224 μεγαλόφρων,
1112 3173 1169 3210 non

148 3229 181 3280 ub
203 3226 233 3280 in
256 3225 323 3280 edit.
342 3227 552 3296 Kiesnlingiana
575 3229 667 3282 exstat
691 3229 908 3296 μεγαλοφρονῶν
923 3225 945 3280 0
965 3223 1036 3296 μέγα
1054 3236 1169 3295 φρονῶν

148 3297 291 3366 Kiessling
314 3297 349 3350 cf.
368 3297 477 3366 Jacoby
498 3297 562 3352 Obs.
581 3316 609 3367 p.
625 3303 685 3364 321,
708 3296 798 3352 Krebs
822 3297 877 3351 Zur
894 3297 973 3352 Ιλοολ.
988 3298 1015 3351 d.
1031 3297 1092 3352 Cas.
1108 3299 1120 3351 I
1136 3305 1168 3353 17

150 3369 230 3422 Anm.
242 3373 266 3434 2,
281 3367 479 3424 Wochensohr.
498 3369 517 3424 f.
537 3369 575 3424 kl.
594 3369 643 3423 Ph.
665 3373 742 3435 1889,
760 3373 811 3423 798
885 3374 917 3422 17
937 3367 1008 3423 καθ’
1025 3367 1126 3424 ἐαντδν
1146 3370 1168 3424 Ο

150 3437 220 3493 καθ’
237 3438 338 3493 ἑαυτοῦ
357 3439 460 3495 Reiske
621 3475 622 3478 =
