2662 3920
573 221 729 270 -1-
1117 219 1157 282 11

140 345 259 411 ε’τασον
283 345 372 431 αὐτῷ
396 345 454 422 τάς
474 342 512 410 ἐν
529 353 600 422 τοίς
617 343 773 426 πολέμοις
791 342 969 429 ἀριστείας·
992 343 1048 409 καλ
1065 342 1160 426 ὐμῶν

140 453 214 518 ὅσοι
232 459 453 518 συνεπαθείτε
467 451 588 538 ἀρτίως
602 449 811 538 οὐκτιζομένηο
824 460 871 539 τῷ
885 451 985 538 ἀνδρί
999 459 1160 534 σκοπεῖτε,

139 561 169 625 ελ
199 561 264 646 άρα
292 564 400 637 καλῶς
428 558 510 642 ύμίν
537 556 604 645 ἔχει
626 559 781 625 τοιούτου
806 559 990 643 φείσασθαι
1012 560 1159 624 πολίτου.

211 665 282 732 VII.
318 663 416 733 Ταῦτ’
443 667 547 732 εἰπὼν
569 665 744 751 ἀνίστησιν
772 663 809 731 ἐκ
833 675 901 731 τῶν
922 667 1161 752 συναρχόντων
1262 664 1265 670 “

139 774 284 860 Μάρτιον
309 774 540 840 Οὐολούσκων
561 773 618 839 καί
640 771 751 856 λέγειν
773 770 957 856 ἐκέλευσεν,
980 771 1001 837 ἃ
1025 772 1161 839 σύνοιδε
1192 794 1204 836 ι

138 892 185 966 τῷ
216 883 383 970 μειρακίῳ.
438 890 564 965 σιωπῆς
599 880 638 946 δὲ
671 879 853 964 γενομένης
883 880 939 946 καί
970 885 1095 964 πολλὴς
1126 877 1160 958 ἐξ

140 987 296 1056 ἁπάντων
328 989 530 1076 προσδοκίας
560 988 680 1073 μικρὸν
711 985 857 1072 έπισχῖον
886 986 905 1053 ὁ
936 986 1161 1064 Οὐολούσκιος

139 1089 244 1161 εἶπεν·
278 1093 364 1180 Ἐγὼ
388 1096 529 1179 μάλιστα
552 1093 741 1178 ἐβουλόμην
763 1095 816 1178 άν,
839 1090 866 1160 ὦ
889 1099 1036 1180 πολῖται,
1064 1094 1200 1178 δίκην2

140 1203 241 1286 ἰδίαν,
272 1203 316 1287 ἡν
345 1203 364 1270 ό
393 1205 496 1286 νόμος
527 1202 649 1268 δίδωσί
674 1224 747 1286 μοι,
777 1201 867 1286 παρὰ
893 1201 1015 1268 τούτου
1046 1203 1162 1284 λαβεῖν

51 1327 128 1376 1998
139 1311 235 1375 δεινά
256 1311 312 1376 καί
334 1309 419 1396 πέρα
442 1310 565 1376 δεινῶν
585 1309 777 1386 πεπονθός·
799 1307 966 1386 κωλυθεὶς
984 1308 1022 1374 δέ
1039 1309 1161 1374 τούτου
1180 1332 1206 1372 ιι

138 1427 253 1503 τυχεῖν
282 1418 339 1483 διὰ
366 1419 486 1483 πενίαν
512 1417 568 1482 καί
595 1415 777 1483 ἀσθένειαν
798 1415 854 1480 καί
876 1417 914 1481 τὸ
937 1426 1005 1482 τῶν
1028 1421 1162 1482 πολλῶν

140 1516 187 1601 εἷς
217 1519 318 1607 εἶναι,
350 1533 416 1591 νῦν
444 1521 475 1609 γ’
506 1526 604 1608 ἡνίκα
633 1520 741 1602 ἔξεστί
765 1546 822 1605 μοι
848 1523 886 1588 τὸ
911 1531 972 1588 τοῦ
995 1523 1162 1610 μάρτυρος

140 1643 262 1716 σχῆμα,
292 1629 405 1717 έπειδὴ
437 1632 477 1698 ού
505 1633 543 1698 τὸ
571 1639 631 1697 τοῦ
654 1632 856 1714 κατηγόρου,
880 1633 1034 1715 ληψομαι.
1080 1630 1162 1696 ἃδέ

139 1737 310 1822 πέπονθα,
333 1739 378 1817 ὡς
401 1739 472 1822 ὠμά
494 1739 550 1805 καί
573 1738 751 1823 ἀνήκεστα,
770 1736 936 1804 ἀκούσατέ
950 1762 1024 1820 μου.
1067 1738 1200 1806 ἀδελ-3

141 1847 205 1930 φὸς
222 1842 266 1930 ἡν
283 1869 340 1929 μοι
352 1847 509 1931 Λεύκιος,
528 1845 569 1912 δν
588 1844 652 1930 ἐγὼ
670 1845 806 1910 πάντων
824 1845 1017 1932 ἀνθρώπων
1035 1851 1162 1929 μᾶλλον
1180 1868 1205 1908 ιτ

139 1953 301 2039 ἠγάπησα.
338 1948 436 2031 οὗτός
458 1977 515 2037 μοι
538 1953 749 2018 συνεδείπνει
771 1954 861 2038 παρὰ
882 1955 985 2040 φίλῳ,
1007 1954 1064 2019 καί
1081 1955 1162 2036 μετὰ

140 2055 231 2125 ταῦτ’
256 2059 458 2138 ἀναστάντες
485 2071 543 2145 τῆς
573 2059 731 2145 ἐχομένης
757 2061 878 2137 νυκτὸς
901 2056 1066 2148 ηὐχόμεθα.
1112 2061 1162 2124 δι-

140 2169 323 2251 εληλυθόσι
355 2165 386 2233 δ’
416 2169 497 2252 ἡμῖν
528 2168 590 2251 τὴν
617 2166 744 2251 ἀγοράν
767 2167 1000 2252 περιτυγχάνει
1023 2169 1162 2232 Καίσων

139 2273 255 2340 οὑτοσί
295 2274 453 2358 κωμάζων
492 2276 557 2340 σὺν
595 2272 720 2358 έτέροις
757 2273 936 2359 ἀγερώχοις
971 2275 1160 2359 μειρακίοις.

139 2381 195 2446 καί
218 2376 312 2446 οὗτοι
333 2382 371 2447 τὸ
395 2381 456 2464 μὲν
479 2391 613 2466 πρῶτον
636 2376 806 2445 ἔσκωπτόν
828 2402 864 2444 τε
884 2378 1096 2466 καλύβριζον
1114 2381 1206 2458 εἰςιν

104 2573 106 2580 y
138 2489 237 2572 ἡμᾶς,
261 2480 316 2554 οία
338 2489 522 2571 μεθύοντες
545 2486 588 2552 ἀν
607 2487 679 2552 νέοι
696 2487 753 2552 καί
771 2486 933 2564 αὐθάδεις
955 2486 1015 2572 [ὡς
1033 2485 1090 2572 δν]
1114 2489 1162 2564 εἰς

138 2597 316 2672 ταπεινούς
333 2595 389 2660 καί
407 2593 550 2679 πένητας
568 2593 787 2680 [ύβρίσαιεν],
805 2595 851 2672 ὡς
864 2590 895 2660 δ’
909 2595 1162 2679 ἠγανακτοῦμεν

138 2703 222 2786 πρὸς
245 2701 382 2787 αὐτούς,
405 2702 588 2789 ἐλεύθερον
611 2703 698 2790 ῥῆμα
721 2703 769 2780 είς
790 2711 912 2768 τοῦτον
930 2695 1011 2768 εἷπε.
1047 2702 1162 2768 δεινὸν

211 2829 227 2877 8
245 2822 354 2894 μάλιστ’
372 2822 408 2880 δν
427 2822 581 2895 ἐβουλόμην
600 2842 623 2880 ο.
639 2824 727 2880 Cobet
741 2823 806 2880 obs.
820 2842 849 2894 p.
861 2829 911 2878 187
962 2829 996 2879 10
1009 2820 1123 2895 πέραίίί
1137 2824 1160 2877 Β

140 2901 172 2950 12
188 2904 240 2950 νῦν
254 2893 340 2967 ἡνίκα
354 2895 377 2950 Ο
391 2897 536 2966 praeterB
551 2905 604 2952 νύν
617 2917 648 2967 γε
663 2896 708 2966 δή,
721 2894 807 2966 ἡνίκα
821 2912 844 2950 ο.
854 2895 959 2950 Reisko
997 2901 1030 2950 15
1044 2896 1159 2967 μᾶλλον]

139 2965 256 3035 μάλιστα
270 2984 293 3022 ο.
305 2967 393 3022 Cobet
407 2967 470 3023 Obs.
509 2973 577 3023 ,188
627 2974 659 3022 17
675 2965 808 3038 ἐχομένης
822 2967 844 3022 0
862 2963 1012 3037 ἐρχομένης
1026 2983 1049 3022 ο.
1059 2967 1160 3021 Ροιύαε

139 3035 295 3108 ἀρχομένης
318 3056 341 3094 ο.
361 3039 450 3094 Cobet
469 2985 533 3094 θένε.
553 3057 580 3108 p.
597 3045 648 3094 187
727 3044 761 3094 20
779 3039 820 3102 εἰς
838 3040 863 3093 Α
882 3055 935 3093 om.
955 3039 979 3092 Β
1055 3043 1087 3094 21
1112 3033 1160 3092 οἷα

138 3111 292 3178 μεθύοντες
315 3108 351 3166 δυ
372 3111 395 3166 Ο
419 3108 457 3166 οῖ’
477 3109 513 3165 δν
532 3131 558 3181 μ,
579 3128 602 3166 ο.
622 3109 710 3166 Cobet
729 3109 793 3166 Oba.
813 3128 841 3180 p.
858 3115 909 3165 188
937 3106 985 3164 οἷα
1008 3110 1161 3180 μεθύοντες

139 3179 175 3236 δυ
194 3184 223 3236 et
242 3179 280 3236 οῖ’
298 3179 419 3237 διν-22
438 3179 583 3253 ὐβρίσαιεν
606 3184 718 3236 exstant
742 3182 818 3252 apud
841 3181 916 3236 Prou
935 3181 969 3236 cf.
984 3180 1082 3236 Vassis
1102 3181 1159 3237 Ἀθ.

138 3255 205 3307 tom.
220 3253 285 3307 VIII
299 3260 352 3308 262
382 3253 385 3326 ἡ
416 3252 555 3316 αὐθάδεις
580 3254 617 3316 ὡς
642 3251 678 3308 ἂν
703 3253 744 3317 εἰς
765 3253 916 3314 ταπεινούς
938 3253 991 3306 ΑΒ
1021 3251 1161 3314 αὐθάδεις

139 3321 182 3378 δυ’
195 3321 231 3380 διν
245 3325 286 3388 εἰς
300 3341 322 3380 ο.
335 3325 479 3396 Kiessling
493 3324 633 3388 αὐθάδεις
646 3325 687 3387 εἰς
701 3321 823 3394 δημότας
835 3325 986 3387 ταπεινούς
1000 3340 1023 3378 ο.
1033 3323 1137 3378 Reiske
1153 3323 1157 3394 l

140 3395 176 3456 ὡς
195 3393 231 3451 ἂν
250 3396 304 3451 del.
325 3395 413 3452 Cobet
432 3395 496 3452 Obs.
516 3414 544 3464 p.
562 3401 612 3451 188
631 3396 760 3452 Hessulein
778 3395 895 3450 Hermes
912 3393 938 3447 X
956 3401 1009 3450 419
1028 3395 1160 3463 idemque

139 3483 162 3519 v.
179 3473 213 3520 22
231 3465 376 3538 ύβρίσαιεν
424 3474 458 3522 22
477 3465 622 3539 ύβρίσαιεν
641 3467 675 3522 οδ.
691 3467 800 3536 Jacoby
814 3466 879 3522 obs.
894 3485 921 3536 p.
934 3471 986 3520 828
1037 3472 1071 3521 28
1089 3462 1160 3533 πρδς

140 3539 255 3606 αὐτούς,
278 3539 396 3602 Λεύκιος
418 3535 479 3594 είπε
503 3555 526 3594 ο.
547 3539 619 3593 Smit
637 3537 703 3593 obs.
722 3556 750 3607 p.
765 3545 800 3592 44
831 3538 834 3610 ἡ
864 3535 905 3600 εἷς
926 3538 1032 3592 τούτων
1055 3532 1116 3591 εἷπε
1134 3538 1159 3589 Α
