2654 3916
557 221 727 271 -Κ-
1089 220 1155 286 315

130 344 306 429 τάγμασιν,
336 344 392 409 ἴνα
418 343 524 428 μηδὲν
551 344 666 421 αὐτοῖς
693 343 836 424 ἀσθενὲς
863 343 913 429 είη
940 325 1047 429 μέρος.
1094 344 1195 430 τήνδ

130 451 169 518 δέ
199 452 303 517 ἳππον
331 454 393 536 τήν
426 451 502 530 <τ’>
535 451 662 516 οἰκείαν
690 451 747 516 καί
775 452 838 536 τήν
868 452 1076 536 συμμαχικὴν
1107 452 1156 516 δι-

131 560 263 636 ελόντες
285 554 337 624 ἐπ’
355 557 555 645 ἀμφοτέρων
578 554 697 636 ἔταξαν
719 568 787 624 τῶν
808 558 966 645 κεράτων.
1003 556 1096 636 ἐκτὸς
1118 558 1157 624 δέ

130 663 251 743 τάξεως
283 665 361 744 τούς
392 687 428 731 τε
459 667 580 745 ψιλοὺς
610 664 815 749 κατέστησαν
846 666 902 731 καί
938 667 996 744 τὰς
1033 663 1157 748 ἁμάξας

129 773 321 858 τριακοσίας
343 773 404 838 τὸν
426 771 585 856 ἀριθμόν,
613 771 652 850 δς
674 773 965 858 παρεσκευάσαντο
988 773 1072 859 πρὸς
1094 773 1157 858 τήν
1188 793 1201 834 ε

129 890 199 944 τῶν
228 877 421 964 ἐλεφάντων
448 878 565 964 μάχην.
611 874 710 945 αὗται
731 881 865 964 κεραίας
888 875 980 965 είχον
1003 878 1157 965 ἐπιβεβη-

129 987 226 1064 κυίας
249 984 407 1068 στάμιξιν
430 985 550 1072 ὀρθαῖς
578 988 735 1070 πλαγίας,
762 987 957 1073 εὐτρόχους,
984 987 1049 1072 ὅπη
1076 989 1157 1070 βου-

130 1095 251 1178 ληθείη
278 1116 328 1170 τις
355 1093 422 1176 ἅμα
451 1096 592 1179 νοήματι
620 1093 841 1180 περιάγεσθαι
869 1093 1073 1177 δυναμένας,
1101 1091 1154 1160 ἐπ’

130 1200 243 1283 άκρων
270 1199 308 1265 δὲ
337 1211 406 1266 τῶν
432 1199 618 1286 κεραιθνή
646 1201 836 1284 τριόδοντες
863 1196 949 1284 ήσαν
976 1200 996 1285 ή
1024 1201 1158 1287 κέστραι

129 1306 373 1392 μαχαιροειδεῖς
403 1307 424 1392 ή
457 1307 608 1393 δρέπανα
644 1306 840 1393 ὁλοσίδηρα,
873 1306 894 1392 ἢ
930 1307 1158 1392 καταρράκτας
1175 1329 1202 1370 ιο

129 1415 232 1490 τιναςΥ
246 1411 524 1499 έπιρριπτοῦντας
544 1415 680 1479 ἄνωθεν
698 1416 813 1500 βαρεῖς
830 1416 980 1500 κόρακας.
1018 1418 1158 1491 πολλαῖς
1175 1415 1197 1479 4

130 1520 164 1584 δ’
179 1519 291 1586 αὐτῶν
309 1530 417 1605 χεῖρες
438 1523 670 1606 προσήρτηντο
693 1523 864 1606 πυρφόροι
883 1522 1031 1587 στυππία
1048 1524 1156 1606 πολλή

130 1629 227 1718 πίττη
251 1627 474 1710 λελιπασμένα
501 1628 578 1713 περὶ
602 1626 704 1704 αὑτάς
729 1623 879 1713 ἔχουσαι,
907 1629 1158 1716 προεκκείμεναι

129 1745 198 1800 τῶν
226 1732 370 1819 ἁμαξῶν,
399 1725 452 1811 αἷς
478 1731 618 1818 ἔμελλον
645 1732 818 1820 έστηκότες
844 1733 896 1801 ἐπ’
920 1737 1032 1803 αὐτῶν
1058 1757 1158 1819 τινες,

130 1841 185 1908 ὅτε
215 1844 359 1927 πλησίον
386 1841 539 1926 γένοιντο
570 1852 637 1909 τῶν
665 1845 809 1927 θηρίων,
839 1847 1024 1928 πλήσαντες
1052 1843 1159 1928 πυρὸς
1176 1862 1202 1903 ιε

130 1946 186 2015 ἐπί
208 1951 267 2027 τὰς
288 1950 515 2035 προβοσκίδας
538 1949 724 2016 αὐτῶνκαὶ
747 1951 787 2014 τδι
810 1951 972 2034 πρόσωπα
994 1951 1053 2025 τας
1076 1955 1159 2033 πλη-

130 2057 191 2139 χδς
215 2055 340 2142 φέρειν.
377 2055 603 2143 ἐφεστήκεσαν
622 2056 660 2121 δέ
678 2064 750 2132 ταῖς
770 2052 907 2136 ἁμάξαις
925 2055 1158 2140 τετρακύκλοις

130 2162 359 2248 ὑπαρχούσαις
385 2163 442 2228 καλ
469 2173 537 2228 τῶν
559 2165 669 2240 ψιλῶν
698 2161 817 2246 συχνοὶ
844 2158 975 2238 τοξόται
1001 2160 1057 2226 καί
1083 2183 1158 2247 χερ-

130 2270 229 2352 μάται
260 2269 316 2334 καί
348 2271 514 2353 τριβόλων
547 2267 695 2352 σιδηρῶν
728 2267 954 2352 σφενδονῆται
985 2267 1041 2333 καί
1076 2267 1154 2354 παρ’

131 2375 233 2452 αὐτάς
255 2375 410 2440 κάτωθεν
433 2370 482 2439 ἔτι
504 2376 640 2452 πλείους
666 2373 780 2460 ἕτεροι.
1176 2397 1202 2438 ιο

208 2480 305 2561 Τάξις
325 2481 387 2564 μὲν
406 2481 489 2566 αὕτη
507 2492 576 2547 τῶν
595 2481 870 2568 στρατευσάντων
886 2478 930 2566 ἦν
948 2478 1157 2569 ἀμφοτέρων,
1176 2482 1197 2548 5

131 2589 276 2676 ἀριθμὸς
306 2589 344 2655 δέ
373 2598 433 2655 τοῦ
463 2592 640 2672 βασιλικοῦ
669 2589 828 2676 μυριάδες
858 2587 940 2656 έπτδι
969 2592 1087 2674 πεζῶν,
1120 2587 1158 2656 έν

203 2843 218 2890 2
237 2835 263 2891 τ’
281 2835 346 2891 εδδ.
361 2835 504 2904 Kjessling
560 2841 575 2891 ῖ
593 2833 736 2906 ὀτίμιξιν
752 2837 818 2892 Ath.
839 2833 963 2906 στομίων
983 2853 1006 2892 ο.
1020 2835 1158 2891 Wesoher

132 2905 238 2974 στόρθν
256 2911 300 2974 ειν
324 2907 428 2976 ὀρθαῖς
453 2905 569 2963 Dflbner
592 2907 715 2978 κάμαξιν
738 2925 761 2963 ο.
780 2907 868 2964 Cobet
886 2907 951 2962 obs.
971 2925 998 2976 p,
1014 2912 1066 2962 216
1091 2908 1157 2962 στά-

130 2981 205 3050 μιξιν
231 2929 335 3047 έρθαῖς
360 2995 426 3049 0303
453 2979 488 3033 οί.
512 2977 632 3048 Hesyeh.
661 2981 774 3049 στῶμιξε
801 2979 881 3041 δοκλς
905 2975 1001 3047 ξυλίνη
1080 2983 1096 3032 9
1125 2979 1157 3032 ά-

131 3049 262 3116 ιπάκρων
287 3052 353 3106 Ath.
380 3066 449 3105 corr.
471 3049 606 3105 Wescher
684 3055 718 3105 10
743 3049 923 3120 καταράκτας
947 3049 1013 3104 Ath.
1032 3049 1107 3112 τινες
1125 3049 1157 3106 δὲ

131 3115 208 3192 εἶχον
222 3121 418 3190 καταρράκτας
432 3137 455 3176 ο.
465 3121 568 3176 Mflller
623 3126 656 3176 12
672 3120 795 3177 στυππία
808 3122 874 3178 Ath.
891 3129 1030 3177 στυππεῖα
1043 3120 1157 3177 Lobeck

130 3191 226 3262 Phryn
254 3209 273 3261 p
297 3199 375 3248 261⁸.
445 3189 802 3256 ιιες1ι1.αῖςΜι111υ
870 3199 904 3248 16
923 3194 1017 3248 αὐτῶν
1035 3191 1103 3248 ὥστε
1121 3193 1157 3247 τδι

131 3261 268 3331 πρόσωπα
285 3263 337 3327 τὰς
354 3267 398 3318 πλ.
414 3261 510 3332 φέρειν
533 3264 621 3331 Prou,
643 3264 730 3319 verba
754 3262 801 3327 αίς
818 3267 848 3320 εί
864 3264 916 3328 τὰς
933 3264 1041 3335 πληγὰς
1059 3261 1156 3333 φέρειν

131 3335 162 3389 in
187 3335 375 3404 suspicionem
401 3334 489 3390 Cobet
512 3334 577 3390 Obs.
597 3353 625 3405 p.
641 3341 693 3390 218
710 3339 794 3391 vocat
875 3341 909 3391 18
932 3335 1067 3406 χερμάται
1089 3336 1156 3389 Ath.

131 3405 286 3531 χεχιιμάδυν2
289 3405 399 3542 1ΙλλᾱοΙὶδξει·
419 3406 603 3534 οὲᾑξδλπελεε
621 3406 859 3463 Animadv.1128
921 3412 954 3463 19
974 3409 1158 3478 εφενδονῖται

191 3519 197 3532 .
322 3496 339 3531 τ
375 3496 414 3540 εις
492 3521 498 3534 .
