2668 3922
161 203 227 270 216
582 234 614 242 -
652 205 693 257 ΙΒ
731 235 764 242 -

162 325 270 415 ἐρχων
293 329 396 394 αὐτοῦ
419 332 622 413 γενήσεσθαι
644 329 807 395 δοθεῖσαν
825 327 1025 415 ἀπέφαινον,
1043 327 1127 420 άλλη
1146 329 1186 396 δέ

161 459 228 502 τινι
245 438 370 520 μείζονι
387 436 443 502 καί
461 435 672 524 λαμπροτέρηι
688 445 765 522 τιμῇ
784 446 921 518 κοσμεῖν
937 434 1056 520 ἠξίουν
1069 437 1183 521 αὑτόν,

122 543 143 608 9
161 543 204 626 ἢν
226 543 282 607 καλ
304 543 402 626 γένος
425 541 489 621 ἔξει
512 545 549 609 τὸ
568 541 602 621 ἐξ
620 541 759 609 ἐκείνου.
796 544 842 620 όις
859 543 898 608 δέ
914 544 971 609 καί
988 545 1050 628 την
1068 546 1183 630 τρίτην

162 646 279 727 ἔξοδον
301 650 522 735 ποιησάμενος
544 648 599 716 ἐπί
620 652 662 715 τά
683 650 936 737 παραθαλάττια
962 660 1020 736 της
1044 647 1184 729 Ἰταλίας

130 753 199 821 ιέκ
220 778 256 822 τε
276 758 395 842 Κύμης
416 757 472 822 καλ
494 768 562 822 τῶν
584 757 661 842 περὶ
678 759 838 841 Μισηνὸν
861 757 1005 842 λιμένων
1027 761 1183 842 σιτηγοὺς

162 862 305 941 ὁλκάδας
334 861 427 948 άχων
454 865 580 942 πολλάς
606 863 828 930 κατέπλευσεν
851 866 899 942 είς
916 864 1060 949 Ὠστίαν,
1084 864 1102 930 ὃ
1125 876 1184 949 τῆς

157 967 278 1055 Ῥώμης
292 969 384 1037 ἐστίν
396 969 554 1056 ἐπίνειον,
567 971 623 1036 καί
636 971 660 1055 †
672 969 857 1037 κατέπαυσε
874 981 947 1048 ταίς
964 981 1104 1057 τροφαῖς
1121 973 1184 1056 την

161 1079 272 1162 πόλιν,
300 1078 344 1155 ὡς
366 1077 471 1162 μηδὲν
494 1075 542 1143 ἐτι
564 1087 623 1163 τῆς
645 1079 783 1164 ἀρχαίας
806 1077 976 1164 εὐετηρίας
999 1079 1183 1165 διαφέρειν,

162 1183 247 1261 ἅπας
265 1184 284 1250 δ
303 1184 407 1269 δῆμος
429 1172 558 1268 ἕτοιμος
579 1181 634 1270 ἦν,
656 1185 687 1250 εί
708 1184 840 1268 γένοιτο
857 1193 916 1270 τῆς
932 1189 1050 1271 ψήφου
1068 1187 1184 1272 κὺριος

117 1311 143 1352 ιο
161 1288 200 1356 ἐν
229 1290 468 1378 ἀρχαιρεσίαις,
495 1291 560 1358 εἴτε
587 1291 749 1358 ὑπατείαν
772 1292 837 1357 εἴτε
860 1290 966 1376 ἀλλην
987 1295 1064 1359 τινδ
1085 1297 1184 1378 τιμὴν

160 1400 281 1482 μετίοι,
311 1400 455 1483 μηδενὸς
486 1397 719 1484 ἐπιτρέποντος
750 1403 831 1484 μητε
859 1401 966 1482 νόμου
995 1401 1183 1478 κωλύοντος

110 1503 152 1569 10
160 1502 233 1590 μήτ’
256 1506 380 1591 ἀνδρὸς
402 1503 661 1588 ἐναντιουμένου
681 1509 882 1592 χαρίζεσθαι.
918 1515 1023 1572 ταῦτα
1040 1506 1183 1592 δρῶντες

161 1613 194 1678 ολ
216 1614 454 1697 προεστηκότες
476 1622 534 1696 τῆς
556 1612 808 1699 ἀριστοκρατίας
825 1615 880 1679 καί
899 1614 977 1679 οὑτε
995 1612 1183 1699 ἐπιτρέπειν

161 1716 331 1796 ἀξιοῦντες
367 1719 444 1784 οὔτε
480 1720 622 1785 κωλύειν
659 1721 804 1802 δύναμιν
840 1717 971 1805 ἔχοντες
1006 1719 1044 1786 ἐν
1075 1727 1182 1808 πολλῇ

117 1845 142 1886 ιι
161 1823 282 1901 πάντες
307 1821 394 1908 ἦσαν
421 1825 563 1914 ἀθυμίᾳ·
599 1828 655 1892 καί
682 1824 730 1892 ἐτι
755 1833 882 1909 μᾶλλον
905 1827 1183 1914 διεταράχθησαν,

161 1929 274 2016 ἐπειδὴ
304 1935 504 1999 κωλυόντων
533 1931 706 2018 ἐκκλησίας
735 1935 895 2018 συνάγειν
921 1934 1026 2002 αὑτὸν
1047 1937 1103 2002 καλ
1125 1937 1183 2020 δη-

160 2048 320 2124 μηχορείν
349 2051 417 2106 τῶν
445 2062 480 2105 τε
510 2040 688 2126 δημάρχων
717 2041 773 2106 καλ
801 2041 948 2126 ὑπάτων,
980 2044 1184 2128 συστραφελς

161 2145 179 2212 ὁ
203 2146 307 2232 δῆμος
333 2145 482 2225 ἐκείνους
508 2149 570 2231 μὲν
597 2145 751 2230 ἐξέβαλεν
776 2147 813 2214 ἐκ
835 2159 893 2234 τῆς
915 2148 1053 2243 ἀγοράς,
1076 2160 1122 2236 τῷ
1146 2150 1184 2215 δέ

110 2253 296 2342 11Μαιλίρι
324 2253 463 2339 πολλὴν
479 2254 596 2321 άδειαν
622 2255 678 2320 καί
701 2255 815 2342 ῥώμην
838 2255 1010 2342 παρέσχεν.
1056 2254 1094 2322 ἐν
1115 2279 1183 2322 τοι·

116 2381 143 2422 ιο
161 2360 244 2451 αότη
276 2362 317 2445 δη
350 2361 545 2426 καταστάσει
580 2373 638 2447 της
671 2364 798 2440 πόλεως
829 2362 1044 2449 ὑπαρχούσης
1075 2363 1093 2429 ὁ
1125 2373 1183 2447 τῆς

161 2466 283 2552 ἀγορᾶς
313 2464 526 2552 ἀποδειχθείς
555 2466 710 2554 ἐπαρχος,
741 2466 928 2554 ἀχθόμενος
951 2469 1012 2552 μέν
1035 2467 1090 2535 ἐπλ
1113 2479 1183 2547 τοῖς

161 2579 444 2657 προπηλακισμοῖς
466 2585 533 2641 τῶν
557 2578 676 2660 λόγων,
700 2569 751 2653 οἷς
768 2577 873 2642 αὑτὸν
890 2576 1037 2661 ὑβρίζων
1055 2577 1073 2642 ὁ
1093 2579 1183 2642 Μαί-

162 2683 232 2757 λιος
249 2677 287 2745 ἐν
305 2689 376 2758 ταίς
395 2679 581 2766 ἐκκλησίαις
599 2682 750 2766 διετέλει,
769 2684 927 2762 δεδοικὼς
945 2683 983 2749 δέ
1000 2685 1060 2750 τδν
1074 2681 1183 2768 ἀνδρα

37 2801 41 2807 ’
160 2787 301 2870 μάλιστα
332 2799 400 2854 τῶν
432 2787 553 2880 ἀλλων,
585 2789 618 2855 εί
647 2813 738 2868 τινος
764 2789 957 2874 ἐπιλάβοιτο
991 2787 1108 2876 ἀρχῆς,
1138 2793 1181 2874 μὴ
1213 2789 1215 2793 ’

117 2915 142 2955 ιι
162 2897 326 2981 πρότερον
358 2904 415 2980 της
447 2895 698 2982 ἀριστοκρατίας
731 2897 834 2963 αὑτὸν
865 2901 1041 2983 ποιήσηται
1071 2897 1093 2982 ἢ
1122 2900 1183 2963 τὸν

232 3112 247 3158 2
276 3109 388 3181 λαμπρᾷ
420 3108 482 3162 Εεο.
515 3105 691 3182 λαμπροτέρα
718 3109 861 3178 Kiessling
944 3115 960 3164 6
988 3105 1091 3164 διετίαν
1119 3109 1181 3180 Est}r

162 3181 177 3229 Ἰ
201 3174 312 3232 ἐπίνεον
335 3179 397 3233 Εεο.
428 3179 431 3252 λ
461 3177 618 3234 κατέπαυσε
640 3181 702 3234 Εεο.
728 3177 881 3248 κατέπλησε
903 3180 1006 3235 ΜδΙΙεε
1032 3177 1182 3235 κατέκλυσε

161 3247 304 3318 Kiessling
317 3247 447 3319 ἐνέπλησε
461 3251 570 3320 Kayser
583 3250 644 3318 1.1.;
662 3267 727 3306 mea
740 3251 855 3320 quidem
870 3252 1011 3307 sententia
1025 3249 1182 3306 κατέπαυσε

161 3319 237 3372 idem
252 3322 295 3373 est
309 3336 343 3374 ιο
357 3319 541 3377 κατέπλευσεν
555 3339 580 3378 v.
592 3329 607 3378 6
621 3339 712 3392 neque
726 3323 768 3377 ita
783 3323 980 3393 corrigendum
994 3325 1049 3390 est,
1065 3324 1114 3379 sed
1129 3324 1183 3378 hoc

161 3389 223 3445 Ιοοο
233 3389 384 3460 Dionysius
399 3393 455 3448 alio
469 3393 554 3449 verbo
568 3396 601 3448 αλ
615 3393 796 3462 ἐπανορθοῦν
810 3411 877 3448 usus
892 3397 935 3448 εει
972 3401 1003 3448 11
1020 3392 1183 3463 ἐπιτρέπον-

161 3481 208 3524 τος
225 3461 286 3516 Εεο.
307 3462 540 3535 ἐπιστρεφόμενος
557 3465 659 3520 Mffller
731 3471 765 3518 24
774 3482 833 3534 sqq.
854 3468 986 3535 corrupta
1007 3482 1068 3521 εεεε
1087 3483 1184 3522 omnes
