2656 3932
558 233 593 244 -
629 207 669 258 ιι
706 233 740 244 -
1097 207 1160 273 153

139 354 222 417 ρειν,
253 333 332 408 τοὺς
363 331 425 414 μὲν
456 328 631 416 ἐπιφανεῖς
660 330 804 415 ἀδήλως,
837 325 886 396 ὧν
917 329 948 395 δ’
971 329 1115 396 ἐλάττων
1143 333 1160 398 ὁ

139 440 238 521 λόγος
263 433 307 522 ἦν
334 438 389 503 καί
417 438 565 503 ἀπὸτοῦ
589 447 755 523 φανεροῦ,
782 436 966 522 προφάσεις
980 437 1047 503 ’ἀεί
1069 461 1162 516 τινας

138 543 372 630 ἐπιφέροντας,
397 545 453 610 ἵνα
476 546 611 622 δικαίως
629 542 772 622 δόξωσιν
790 543 985 610 ἀποθανεῖν.
1021 544 1112 612 καλέ
1135 547 1163 611 ί-

137 674 214 717 νετο
237 660 353 718 ταῦτα·
382 652 415 717 οἱ
437 651 499 734 μέν
521 653 586 736 γάρ
609 649 665 716 ἐπί
687 653 857 738 προνομὰς
884 650 1163 734 ἀποστελλόμενοι

136 756 195 825 ὑπ’
219 759 340 842 αὐτῶν,
368 760 401 824 οί
429 755 459 822 δ’
483 757 610 843 ἀγοράν
634 758 850 843 παραπέμψαι
874 758 1102 844 κομιζομένην,
1130 761 1163 825 ολ
1195 782 1206 821 ε

138 864 170 930 δ’
195 867 296 943 ἀλλας
324 867 418 944 τινάς
448 863 702 932 ἐπιτελέσασθαι
733 867 911 949 πολεμικὰς
943 867 1068 952 χρείας,
1101 862 1161 944 ἔξω
1247 947 1250 958 1

50 989 127 1040 2218
137 974 314 1058 γευόμενοι
341 981 401 1039 τοῦ
429 973 571 1058 χάρακος
599 972 748 1055 οὐδαμοῦ
777 969 824 1038 έτι
848 973 1023 1057 ὤφθησαν.
1069 974 1102 1038 ολ
1126 973 1202 1039 δὲ3

137 1081 370 1146 ταπεινότατοι
393 1088 503 1164 φυγῆς
525 1080 640 1165 ἀρχειν
658 1078 944 1165 κατηγορηθέντες
961 1079 982 1164 ἢ
1001 1081 1042 1145 τά
1060 1080 1163 1165 ἀπόρ-

138 1209 223 1273 ρητα
249 1188 334 1272 πρὸς
360 1188 439 1263 τοὺς
465 1189 645 1269 πολεμίους
672 1185 826 1271 ἐκφέρειν
854 1185 876 1270 ἦ
905 1185 999 1264 τάξιν
1026 1189 1069 1271 μὴ
1099 1212 1163 1273 φυ·

137 1294 280 1378 λάττειν,
303 1292 341 1359 ἐν
363 1303 409 1382 τῶ
434 1305 569 1379 φανερῷ
592 1292 822 1378 καταπλήξεως
845 1292 941 1358 ἕνεκα
962 1304 1031 1362 τῶν
1052 1294 1163 1360 ἀλλων
1181 1317 1207 1357 ιο
1270 1319 1276 1336 ·

138 1401 345 1466 ἀπώλλυντο.
391 1398 518 1484 ἐγίνετο
543 1400 581 1466 δέ
604 1401 744 1484 διχόθεν
766 1411 834 1466 τῶν
858 1411 1068 1486 στρατιωτῶν
1091 1401 1162 1466 όλε-

136 1515 239 1593 θρος,
269 1518 337 1573 τῶν
363 1507 425 1590 μὲν
452 1508 585 1573 οἰκείων
611 1516 670 1592 τῆς
697 1507 888 1594 ὀλιγαρχίας
916 1505 953 1572 ἐν
980 1517 1051 1585 ταῖς
1078 1510 1162 1592 πρὸς

136 1619 217 1692 τοὺς
246 1617 425 1698 πολεμίους
454 1618 659 1697 συμπλοκαῖς
691 1614 994 1700 διαφθειρομένων,
1025 1625 1093 1681 τῶν
1125 1615 1163 1680 δὲ

137 1722 200 1806 τὴν
230 1719 505 1808 ἀριστοκρατικὴν
534 1721 738 1787 ποθούντων
766 1722 968 1788 κατάστασιν
997 1722 1062 1788 ὑπὸ
1095 1733 1163 1788 τῶν

138 1840 333 1913 στρατηγῶν
356 1826 602 1910 ἀπολλυμένων.
1182 1851 1206 1890 ιε

209 1934 312 2001 XXV.
336 1937 453 2001 Πολλά
481 1935 519 2000 δὲ
547 1944 684 2002 τοιαῦτα
705 1936 761 2001 καί
784 1938 867 2001 κατά
889 1938 951 2020 τὴν
974 1939 1074 2002 πόλιν
1096 1936 1162 2002 ὑπὸ

137 2051 206 2108 τῶν
232 2043 309 2128 περί
336 2044 396 2108 τὸν
415 2040 561 2108 ’Ἀππιον
588 2041 724 2126 ἐγίνετο.
775 2053 843 2108 τῶν
870 2043 932 2124 μὲν
961 2037 1025 2108 οὖν
1052 2044 1163 2108 ἀλλων

134 2151 246 2230 Ικαίτοι
278 2160 412 2234 συχνῶν
446 2146 699 2232 ἀναιρουμένων
731 2146 876 2214 ἐλάττων
912 2158 982 2225 τοῖς
1018 2152 1163 2233 πλήθεσι

74 2311 80 2320 .
138 2258 238 2339 λόγος
264 2252 318 2340 ἦν,
347 2253 422 2333 ἐνὸς
449 2253 480 2320 δ’
499 2253 623 2340 ἀνδρὸς
650 2253 914 2340 ἐπιφανεστάτου
939 2264 1007 2319 τῶν
1031 2255 1163 2338 δημοτι-

137 2375 208 2429 κῶν
230 2363 286 2427 καί
309 2365 464 2440 πλείστας
487 2361 604 2448 ἀρετάς
627 2360 665 2428 ἐν
687 2371 757 2438 τοῖς
779 2363 861 2426 κατὰ
884 2363 1030 2444 πόλεμον
1053 2358 1164 2446 έργοις
1181 2383 1207 2423 ιο

138 2466 401 2552 ἀποδειξαμένου
422 2469 570 2546 θάνατος
592 2469 680 2552 ὠμὸς
702 2469 758 2534 καί
781 2465 916 2546 ἀνόσιος
940 2466 1164 2546 ἐπιτελεσθείς

137 2575 176 2643 ἐν
205 2575 337 2664 θατέρῳ
360 2586 428 2641 τῶν
452 2576 695 2661 στρατοπέδων,
723 2572 809 2641 ἐνθα
837 2577 870 2640 ολ
894 2585 983 2660 τρεῖς
1004 2576 1164 2660 ἡγεμόνες

137 2681 234 2768 ἦσαν,
263 2683 411 2760 ἅπαντας
440 2681 592 2766 ἑτοίμους
621 2682 755 2768 ἐποίησε
783 2683 867 2767 πρὸς
893 2684 955 2766 τὴν
980 2682 1163 2749 ἀπόστασιν

138 2793 217 2867 τοὺς
240 2788 315 2856 ἐκεῖ.
361 2786 404 2873 ἦν
429 2789 500 2856 δ’ὁ
529 2791 712 2875 φονευθείς
734 2792 885 2872 Σίκκιος,
914 2788 931 2854 ὁ
959 2791 1018 2867 τάς
1045 2787 1202 2855 ἑκατὸν2

140 2896 244 2961 είκοσι
275 2897 380 2982 μάχας
413 2893 660 2980 ἀγωνισάμενος
691 2897 747 2963 καί
779 2894 812 2975 ἐξ
845 2896 983 2962 ἀπασῶν
1016 2894 1163 2979 ἀριστεῖα
1181 2916 1206 2955 εε

56 2987 129 3068 ἀκιθ
141 3003 263 3086 λαβών,
291 3003 331 3069 ὃν
355 3001 442 3088 ἐφην
466 3001 714 3086 ἀπολελυμένον
736 3004 800 3088 ἤδη
829 3005 1000 3088 στρατείας
1025 3001 1081 3066 διά
1103 3001 1163 3066 τὸν

139 3111 263 3194 χρόνον
293 3107 449 3175 ἑκούσιον
476 3119 536 3175 τοῦ
564 3112 648 3195 πρὸς
670 3112 841 3188 Αἰκανοὺς
868 3110 1081 3195 συνάρασθαι
1104 3129 1163 3174 πο·

213 3317 336 3374 1όδε1.
357 3319 444 3375 Cobet
464 3319 529 3374 Obs.
549 3339 576 3391 p.
592 3326 642 3374 207
717 3321 801 3375 θκαλ
821 3321 884 3375 εδδ.
904 3319 953 3374 LV
970 3320 1068 3374 om.R
1098 3320 1100 3391 1
1131 3318 1162 3372 ἐκ

138 3398 189 3446 τοῦ
209 3411 239 3459 φ.
261 3389 348 3448 Cobet
366 3391 417 3446 1,1.
492 3398 506 3446 7
532 3391 558 3446 οἱ
583 3392 613 3446 δέ
632 3391 661 3444 Μ
687 3392 752 3446 οόδέ
772 3391 820 3446 LV
894 3397 926 3445 11
951 3389 1055 3460 ἐγένετο
1080 3391 1114 3460 δὴ
1139 3407 1161 3444 c.

139 3462 285 3532 Kiessling
357 3469 391 3517 25
411 3463 547 3534 ἀριστεῖα]
567 3464 709 3531 τάριστεῖα
728 3480 751 3518 ο.
766 3463 908 3534 Kiessling
