2662 3920
162 191 204 255 74
590 192 745 241 -Ι-

159 340 221 400 την
240 313 432 394 ἀπεδείξατο
451 313 675 400 ἀγανάκτησιν
697 315 781 401 πρὸς
803 316 841 380 τὸ
865 311 1059 398 ἀντίπαλον,
1082 311 1183 398 ὥσθ’,

160 419 243 508 ὅπερ
266 419 353 507 ἔφην
375 422 431 486 καί
453 421 523 487 κατ’
546 420 662 507 ἀρχάς,
689 421 773 506 μηδὲ
796 423 899 505 λόγον
921 418 970 486 δτι
996 422 1184 504 βούλεσθαι

121 532 141 595 2
160 541 228 595 τῶν
246 526 485 606 ἀντιλεξάντων
502 527 691 613 ὑπομένειν.
729 528 747 594 ὁ
767 527 881 612 μέντοι
904 529 1071 614 δήμαρχος
1088 525 1183 594 Ἰκίλ-

161 641 231 714 λιος
261 633 406 713 ἀναστὰς
434 638 474 702 τά
503 637 565 720 μὲν
594 637 678 702 ἀλλα
708 633 772 721 ἔφη
801 636 909 700 πάντα
936 635 1049 722 ὀρθῶς
1076 637 1183 701 είπείν

130 745 301 810 ιΣίκκιον
336 744 393 808 καί
428 745 556 830 μακρὸν
592 739 731 809 ἔπαινον
766 752 827 808 τοῦ
862 742 985 828 ἀνδρὸς
1014 740 1183 826 διεξῆλθε·

160 851 197 916 τὸ
221 851 258 916 δὲ
276 852 320 935 μὴ
339 850 553 932 μεταδιδόναι
571 851 673 934 λύγον
692 859 762 927 τοίς
781 846 947 928 ἀντιλέξαι
964 849 1182 932 βουλομένοις

160 958 237 1022 ούτε
260 958 391 1023 δίκαιον
415 953 602 1041 ἀπέφαινεν
625 957 702 1022 οὔτε
725 959 907 1041 πολιτικόν,
935 957 1042 1034 άλλως
1069 979 1104 1022 τε
1126 957 1183 1022 καί

160 1065 236 1150 περὶ
258 1066 365 1146 νόμον
387 1073 446 1148 τῆς
468 1067 630 1148 ζητήσεως
651 1063 844 1148 γινομένης,
871 1063 908 1140 ὃς
935 1061 1049 1146 ἔμελλε
1076 1065 1183 1150 κρείτ-

160 1194 241 1236 τονα
263 1174 415 1255 ποιήσειν
433 1172 495 1255 τῆν
514 1171 612 1254 δίκην
634 1179 692 1254 τῆς
714 1173 798 1254 βίας.
834 1171 937 1261 ταύτη
959 1173 1024 1256 γὰρ
1047 1170 1182 1256 ἀφορμῆ

116 1301 142 1340 ιο
160 1282 344 1364 χρήσεσθαι
371 1280 450 1354 τοὺς
476 1277 581 1362 μηδὲν
610 1278 688 1354 ίσως
715 1279 770 1344 καί
798 1279 933 1355 δικαίως
954 1287 1025 1355 τοῖς
1047 1283 1183 1354 πολλοῖς

161 1394 372 1472 φρονοῦντας
407 1393 468 1450 τοῦ
504 1384 677 1470 ταράττειν
713 1385 814 1450 πάλιν
849 1385 905 1450 καί
941 1385 1107 1450 διιστάναι
1143 1387 1184 1450 τὰ

120 1492 375 1579 3σομφέροντα
406 1501 464 1574 τῆς
495 1493 629 1569 πόλεως.
680 1488 771 1558 ταῦτ’
799 1493 903 1558 είπάον
934 1492 989 1556 καί
1020 1493 1082 1576 τὴν
1113 1490 1184 1558 ἐπι-

161 1608 267 1664 οῦσαν
296 1597 471 1676 ἀποδείξας
499 1598 626 1684 ἡμέραν
655 1609 725 1676 τοῖς
756 1601 953 1684 κατηγόροις
984 1607 1044 1663 τοῦ
1076 1600 1182 1681 νόμον

161 1705 293 1771 διέλυσε
323 1707 385 1789 τῆν
414 1704 599 1789 ἐκκλησίαν.
652 1707 686 1771 οἱ
715 1707 753 1772 δὲ
783 1706 906 1771 ὕπατοι
937 1707 1183 1790 συναγαγόντες

116 1833 141 1873 ιε
162 1812 329 1877 ἰδιωτικὸν
357 1810 537 1898 συνέδριον
564 1815 747 1899 πατρικίων
776 1823 844 1878 τῶν
874 1809 1119 1896 ἀνδρειοτάτων
1147 1835 1183 1878 τε

159 1919 215 1984 καί
245 1918 386 2002 μάλιστα
418 1917 455 1985 ἐν
487 1928 527 2006 τῆ
557 1921 652 1985 πόλει
679 1916 746 1986 τότ’
775 1917 977 1986 ἀνθούντων
1004 1917 1183 1986 ἐδίδασκον
1192 1937 1266 1986 2098

161 2023 298 2109 αύτούς,
326 2025 371 2103 ὡς
393 2025 557 2104 κωλντέος
579 2026 630 2111 είη
654 2028 772 2111 σφίσιν
796 2025 815 2092 ὁ
838 2028 955 2110 νόμος,
983 2029 1095 2110 λόγοις
1121 2027 1184 2110 μὲν

160 2145 304 2220 πρῶτον,
334 2131 393 2199 έάν
416 2133 455 2198 δὲ
476 2135 520 2218 μῆ
543 2135 688 2199 πείθωσι
715 2135 774 2198 τὸν
802 2133 920 2217 δῆμον,
947 2130 1064 2219 ἔργοις.
1115 2133 1184 2200 ἐκύ-

161 2243 261 2306 λεούν
295 2263 330 2306 τε
364 2241 488 2306 ἀπασιν
521 2241 616 2325 ἥκειν
650 2240 758 2307 ἕωθεν
789 2242 837 2317 είς
865 2243 927 2325 τὴν
957 2237 1084 2327 ἀγοράν
1116 2242 1183 2324 ἀμα

116 2367 143 2406 ιο
160 2357 229 2425 τοῖς
252 2345 396 2432 ἑταίροις
417 2371 452 2412 τε
475 2348 531 2413 καί
554 2348 724 2432 πελάταις,
752 2345 844 2425 ὅσοις
872 2347 914 2413 ἀν
938 2347 1069 2414 ἕκαστοι
1092 2351 1184 2414 πλεί-

120 2456 142 2517 4
161 2470 251 2531 στοις
278 2454 454 2518 δύνωνται.
501 2451 612 2521 ἔπειτα
639 2459 718 2533 τοὺς
744 2456 806 2539 μὲν
829 2455 906 2541 περὶ
929 2452 1010 2521 αὐτὸ
1033 2457 1071 2521 τὸ
1094 2459 1184 2540 βῆμα

161 2561 216 2625 καί
245 2561 282 2625 τὸ
315 2558 608 2648 ἐκκλησιαστήριον
640 2561 782 2640 ἑστῶτας
813 2560 1004 2646 ὑπομένειν,
1035 2565 1114 2639 τοὺς
1145 2562 1184 2628 δὲ

161 2668 243 2732 κατά
272 2667 379 2731 πολλά
407 2676 465 2750 τῆς
497 2667 620 2753 ἀγοράς
650 2669 732 2755 μέρη
766 2669 1014 2755 συστρέψαντας
1044 2667 1183 2745 ἑαυτοὺς

161 2774 349 2858 διαστῆναι,
371 2773 454 2840 ὥστε
473 2775 668 2860 διειλῆφθαι
686 2777 724 2841 τὸ
743 2777 921 2860 δημοτικὸν
940 2775 1183 2859 διεσπασμένον

116 2900 142 2940 ιε
160 2881 216 2946 καί
243 2881 434 2947 κωλύεσθαι
460 2884 544 2968 πρὸς
572 2881 681 2947 αὐτῶν
705 2884 752 2960 είς
779 2884 817 2948 ἓν
840 2889 1029 2949 συνελθεῖν.
1075 2881 1183 2948 έδύιιει

161 2997 264 3054 ταῦτα
304 2989 461 3074 κράτιστα
502 2981 603 3072 εἶναι,
646 2989 701 3054 καί
741 2989 822 3076 πρίν
861 2991 988 3077 ἡμέραν
1029 2989 1183 3075 λαμπρὰν

161 3095 320 3179 γενέσθαι
352 3097 392 3160 τά
423 3097 530 3160 πολλὰ
562 3104 619 3180 τῆς
652 3092 775 3183 ἀγορᾶς
811 3099 976 3183 κατείχετο
1012 3095 1079 3162 ὑπὸ
1116 3105 1183 3161 τῶν

161 3204 352 3288 πατρικίων.

235 3383 269 3431 10
291 3377 381 3447 χραήε
382 3381 440 3432 οθα
442 3398 452 3432 ι
470 3378 522 3431 ΑΒ
548 3378 704 3448 χρήσεσθαι
726 3378 923 3450 Ηιιδεοιιλ’Ι
908 3395 1012 3432 ιιιοοτ
1013 3376 1137 3433 αλδίιια
1118 3397 1182 3432 αιοτ

163 3447 289 3504 &Cobet
291 3397 372 3503 χΟθε.
392 3467 419 3518 p.
436 3453 487 3502 19⁵1
548 3398 596 3503 z20
615 3448 644 3504 ἑτ
628 3450 690 3523 τοκ
671 3447 791 3521 αί>ροις
808 3449 855 3502 Bb
