2668 3922
446 665 855 825 EXOERPTA

626 907 676 962 EX

514 1059 657 1132 LIBRO
688 1058 785 1132 XHI.

596 1253 703 1266 ,-.-.

210 1410 235 1478 1.
260 1410 312 1500 (1)
340 1414 515 1496 Καμίλλου
538 1414 600 1498 τήν
625 1413 799 1498 Φαλερίων
821 1413 920 1478 πόλιν
943 1415 1162 1498 πολιορκοῦν-

138 1543 194 1598 τος
217 1522 393 1586 Φαλίσκων
412 1543 463 1597 τις
486 1519 546 1585 εἴτ’
563 1517 761 1603 ἀπεγνωκὼς
778 1521 841 1604 τήν
858 1521 958 1585 πόλιν
977 1517 1042 1584 εἴτε
1059 1516 1161 1604 κέρδη

137 1627 335 1714 θηρώμενος
363 1627 432 1692 ίθια
459 1627 580 1704 παῖδας
607 1624 644 1692 έκ
671 1636 738 1692 τῶν
765 1624 1037 1712 ἐπιφανεστάτων
1059 1623 1161 1690 οίκων

138 1733 455 1819 παρακρουσάμενος
478 1771 523 1781 -
546 1730 591 1818 ήν
613 1733 651 1799 δὲ
674 1732 873 1811 διδάσκαλος
894 1732 1095 1819 γραμμάτων
1117 1770 1162 1778 -

108 1837 298 1925 ιέξήχαμεν
327 1838 364 1906 έκ
393 1849 451 1925 τής
480 1842 621 1925 πόλεως,
652 1840 697 1918 ὡς
724 1839 1008 1924 περιπατήσοντας
1033 1861 1069 1904 τε
1096 1839 1161 1924 πρὸ

137 1955 198 2013 τοῦ
216 1948 347 2032 τείχους
364 1947 420 2014 καί
437 1948 475 2014 τὸ
485 1945 663 2030 Ῥωμαικὸν
681 1947 908 2033 στρατόπεδον
924 1945 1162 2030 θεασομένους.

99 2051 349 2139 2θπαχίμενος
385 2055 423 2121 δὲ
454 2056 537 2122 κατὰ
567 2055 688 2141 μικρὸν
720 2052 843 2131 αὐτοὺς
874 2051 1072 2140 προσωτέρω
1103 2062 1163 2137 τῆς

139 2163 267 2240 πόλεως
297 2160 353 2228 έπλ
380 2166 609 2250 φυλακτήριον
627 2159 806 2246 Ῥωμαικὸν
834 2161 907 2246 ἄχει
935 2160 991 2226 καί
1017 2169 1088 2238 τοῖς
1110 2157 1162 2226 έκ-

139 2268 304 2355 δραμοθσι
317 2270 558 2355 παραδίδωσιν,
572 2268 634 2356 ὑφ’
646 2263 695 2334 ὧν
709 2265 825 2354 ιἰχθελς
843 2266 898 2334 έπί
915 2269 976 2334 τὸν
989 2266 1162 2350 Κάμιλλον

95 2394 120 2433 1⁰
139 2371 217 2461 ἔφη·
259 2379 507 2460 βεβουλεῦσθαι
542 2376 604 2460 μὲν
640 2372 688 2442 ἔτι
725 2376 826 2442 πάλαι
862 2376 924 2460 τήν
959 2376 1059 2441 πόλιν
1095 2373 1161 2440 ὑπὸ

135 2479 302 2564 Ῥωμαίων
329 2494 479 2569 ποιήσαι,
507 2483 647 2561 οὐθενὸς
674 2483 713 2549 δέ
739 2485 854 2570 κύριος
881 2483 930 2548 ὢν
955 2482 1032 2548 οὔτε
1060 2478 1162 2568 ίίκρας

139 2589 217 2654 οὔτε
235 2594 352 2655 πυλῶν
366 2589 445 2656 οὔθ’
462 2591 576 2657 ὅπλον
588 2597 710 2656 τοῦτον
724 2587 934 2676 ἐξευρηκέναι
952 2589 1012 2655 τὸν
1025 2590 1162 2674 τρόπον,

138 2694 352 2782 ὑποχειρίους
392 2706 529 2782 ποιήσαι
568 2699 647 2776 τοὺς
687 2698 772 2775 υίείς
807 2706 875 2762 τῶν
907 2695 1162 2780 εὐγενεστάτων,

140 2799 293 2889 ἄφυκτον
333 2803 483 2888 ἀνάγκην
523 2803 705 2888 ὑπολαβὼν
747 2806 826 2882 τοὺς
866 2803 1009 2890 πατέρας
1050 2803 1162 2869 αὐτῶν

95 2933 120 2973 ιι
138 2914 390 2998 καταλήψεσθαι
412 2920 470 2996 της
492 2913 655 2998 σωτηρίας
677 2921 746 2978 τῶν
763 2911 890 2978 τέκνων
908 2909 1163 2997 περιεχομένους

98 3017 255 3103 θτάχιον
286 3019 497 3105 παραδοῦναι
522 3016 691 3103 Ῥωμαίοις
719 3019 781 3105 τήν
812 3021 921 3086 πόλιν.
975 3017 993 3084 ὁ
1025 3017 1088 3102 μὲν
1120 3017 1161 3102 δή

212 3180 226 3228 1
253 3182 308 3231 τῶν
335 3173 481 3232 Φαλίσκων
507 3173 590 3232 πόλιν
617 3176 712 3234 Ambr.
742 3177 794 3248 τήν
820 3184 877 3232 τῶν
905 3172 1052 3231 Φαλίσκων
1078 3171 1162 3231 πόλιν

140 3245 239 3301 Struve
256 3245 308 3317 τήν
329 3245 472 3316 Φαλερίων
489 3245 573 3304 πόλιν
590 3249 734 3320 Kiessling
806 3255 822 3303 2
843 3244 986 3316 Φαλερίων
1003 3267 1047 3310 τις
1064 3245 1160 3300 Ambr.

141 3313 287 3372 Φαλίσκων
304 3337 347 3381 τις
365 3317 464 3374 Struve
523 3317 620 3396 8ch
638 3319 734 3375 Ambr.
754 3319 815 3374 ίιλιοι
834 3318 933 3374 Struve
988 3324 1022 3373 12
1041 3316 1162 3374 ὁπλιτῶν

140 3405 163 3444 ο.
179 3388 278 3443 Struve
328 3395 363 3530 λήί
381 3391 474 3446 αἰτῶν
492 3407 546 3446 om.
561 3390 695 3458 Ambr.Q
747 3395 780 3446 16
794 3386 1045 3460 περιποιουμένους
1059 3389 1161 3444 fluidas

140 3476 161 3514 ε.
175 3477 200 3514 v.
218 3478 333 3529 περιποι
352 3477 394 3516 σει
