2662 3920
150 175 191 240 76
578 203 611 212 -
649 175 664 226 Ι
699 203 732 212 -

148 301 232 366 άλλα
262 300 318 365 καί
351 300 434 364 άλλα
466 297 548 385 μέρη
582 308 638 382 τῆς
670 298 793 383 ἀγορᾶς
823 297 890 363 ὑπὸ
924 297 1078 384 θορύβου
1114 297 1170 363 καί

148 405 281 484 ἀταξίας
316 407 517 490 κινούμενον
556 401 606 471 ἐπ’
639 404 775 490 αὐτοὺς]
809 405 849 470 οὐ
883 406 1056 490 παρίεσαν,
1088 400 1165 470 ὥστ’

107 516 129 581 5
149 514 322 598 ἀνωφελής
344 509 388 596 ήν
409 513 430 596 ή
454 523 522 578 τῶν
545 512 717 598 ἀρχόντων
742 514 892 596 βοήθεια.
938 511 1031 589 τέλος
1058 509 1089 576 δ’
1107 505 1171 578 οὑν

148 619 374 706 ἐπεκράτησαν
408 619 441 685 ολ
474 621 641 704 πατρίκιοι
674 618 730 683 καί
764 617 826 683 οὑκ
860 617 975 686 είασαν
1010 616 1171 703 ἐπικυρω-

117 735 252 812 εθήναι
281 729 341 793 τὸν
370 727 484 808 νόμον.
537 726 570 790 οἰ
602 725 640 791 ὑὲ
671 727 911 810 προθυμότατα
942 725 1171 809 συλλαβέσθαι

148 833 303 913 δόξαντες
330 843 401 910 τοῖς
426 831 565 910 ὑπάτοις
593 830 629 898 ἐκ
653 843 756 917 τριῶν
779 833 894 898 οἰκιῶν
916 828 1013 916 ήσαν,
1042 835 1171 898 Ποστό-

148 965 217 1024 μιοι
244 941 300 1008 καί
327 939 542 1025 Σεμπρώνιον
571 939 627 1004 καί
655 941 762 1024 τρίτοι
788 941 956 1022 Κλοίλιοι,
986 939 1106 1023 γένους
1135 963 1170 1006 τε

149 1047 280 1126 ἀξιώσει
311 1049 534 1134 λαμπρότατοι
563 1046 619 1112 καί
648 1044 807 1131 ἑταιρίαις
834 1045 960 1130 μεγάλα
989 1046 1171 1129 δυνάμενοι

148 1155 281 1242 πλούτφ
313 1177 348 1220 τε
379 1155 436 1220 καί
468 1151 547 1244 ὑόξη
579 1152 635 1218 καί
666 1162 737 1229 τοίς
767 1154 849 1218 κατά
883 1155 1029 1236 πόλεμον
1062 1149 1172 1238 ἔργοις

104 1285 131 1323 ιο
149 1260 333 1346 ἐπιφανείς·
366 1261 423 1326 καί
451 1269 512 1326 τοῦ
544 1261 587 1344 μή
620 1265 818 1345 κυρωθῆναι
848 1261 909 1325 τὸν
940 1262 1046 1343 νόμον
1077 1254 1171 1326 οὗτοι

149 1369 381 1452 ὡμολογοῦντο
405 1368 591 1433 αἰτιώτατοι
613 1366 782 1451 γενέσθαι.

220 1473 384 1542 XXXXIL
430 1481 477 1560 Ῥή
519 1471 550 1538 δ’
586 1472 660 1558 έξής
699 1473 805 1562 ήμέρφ
845 1476 1094 1559 παραλαβόντες
1139 1474 1172 1539 οἰ

150 1583 312 1668 δήμαρχοι
342 1583 421 1659 τοὺς
454 1579 737 1666 ἐπιφανεστάτους
767 1593 835 1647 τῶν
866 1581 1052 1665 δημοτικῶν
1079 1579 1172 1646 ἐσκό-

149 1710 248 1772 πουν,
271 1689 289 1754 ὅ
308 1711 340 1754 τι
358 1692 538 1774 χρήσονται
560 1697 630 1765 τοίς
652 1688 835 1772 πράγμασι,
858 1688 975 1753 κοινὸν
993 1686 1055 1770 μὲν
1072 1696 1171 1753 τοῦτο

105 1817 131 1858 τε
149 1796 205 1861 καί
235 1797 325 1879 παρὰ
356 1795 492 1860 πάντων
524 1794 794 1878 ὁμολογούμενον
830 1795 1016 1879 εἰληφότες,
1053 1795 1091 1859 τὸ
1127 1795 1253 1880 μήτιοι

149 1905 227 1980 τοὺς
249 1901 397 1980 ὑπάτους
416 1903 510 1986 άγειν
532 1901 599 1968 ὑπὸ
622 1903 684 1986 τήν
706 1901 815 1985 δίκην,
843 1900 927 1967 ἀλλά
948 1903 1028 1978 τοὺς
1049 1899 1172 1987 ὑπηρε-

148 2018 289 2086 τοῦντας
317 2009 430 2086 αὐτοῖς
460 2008 607 2092 ἰδιώτας,
635 2002 684 2072 ὧν
710 2007 939 2091 κολαζομένων
962 2005 1076 2091 ἔμελλε
1103 2017 1172 2086 τοίς

149 2121 285 2194 πολλοῖς
312 2126 380 2182 τῶν
407 2109 553 2182 πόλιτῶν
581 2113 725 2180 ἐλάττων
753 2111 891 2181 ἔσεσθαι
918 2117 1031 2199 λόγος,
1061 2114 1171 2198 ὥσπερ

150 2224 168 2288 ὁ
192 2226 328 2301 Σίκκιος
354 2223 545 2289 ὑπετίθετο·
574 2222 650 2308 περὶ
677 2221 715 2287 ὑὲ
742 2231 802 2286 τοῦ
831 2225 984 2307 πλήθους
1011 2233 1079 2288 τῶν
1105 2221 1171 2287 ὑπὸ

106 2351 133 2391 ιο
150 2331 207 2406 τάς
240 2331 346 2407 αἰτίας
377 2329 618 2416 άχθησομένων
650 2329 732 2395 ὅσον
768 2323 855 2396 εἰναι
891 2333 968 2415 χρή,
1004 2330 1060 2394 καί
1096 2329 1173 2414 περὶ

150 2445 210 2502 τοῦ
239 2436 400 2519 ὀνόματος
427 2437 445 2502 ὃ
473 2441 639 2522 θήσονται
665 2445 705 2522 τῇ
734 2437 825 2526 δίκη,
853 2437 909 2502 καί
933 2436 1074 2518 μάλιστα
1096 2435 1173 2520 περί

150 2551 210 2607 τοῦ
246 2546 424 2626 τιμήματος
461 2547 602 2629 πηλίκον
638 2541 730 2609 ἔσται
766 2545 803 2610 τὸ
840 2542 997 2627 μέγεθος,
1036 2541 1172 2626 ἐπιμελῆ

111 2650 345 2732 λποιούμενοι
381 2653 523 2735 ζήτησιν.
583 2653 616 2717 οἰ
651 2651 713 2733 μὲν
749 2644 813 2715 οὑν
853 2650 1075 2735 χαλεπώτεροι
1115 2650 1173 2726 τάς

152 2757 270 2842 φύσεις
302 2755 357 2823 έπί
388 2758 426 2822 τὸ
462 2759 573 2840 μεῖζόν
609 2779 645 2822 τε
680 2757 736 2822 καί
774 2757 1007 2843 φοβερώτερον
1043 2757 1173 2821 ἅπαντα

108 2885 134 2925 ιι
151 2872 255 2929 ταῦτα
286 2863 446 2950 προάγειν
480 2861 665 2954 παρήνουν,
702 2865 735 2929 οἰ
770 2861 801 2928 θ’
829 2863 1061 2950 ἐπιεικέστεροι
1097 2863 1172 2928 τοὺ-

151 2973 290 3038 ναντίον
317 2969 371 3036 ἰπί
398 2972 435 3036 τὸ
463 2971 682 3057 μετριώτερον
708 2971 764 3037 καί
792 2972 1124 3057 φιλανθρωπότερον,
1154 2969 1172 3035 ὁ

224 3143 392 3214 λαερίεοαν
405 3148 431 3201 Α
449 3154 588 3214 παρεῖσαν
606 3148 639 3201 ut
656 3147 768 3202 videtur
781 3147 828 3202 Ba
846 3166 904 3215 παρ
905 3137 1038 3217 ήσανΒί)
1091 3151 1158 3215 8με
1252 3207 1256 3217 ,

152 3216 265 3288 γάλαΟ
289 3215 360 3288 μέγα
381 3217 468 3274 Cobet
487 3217 666 3287 Obs.p.19‘1
741 3225 774 3272 14
795 3217 907 3290 χρήσ<ο
935 3237 999 3272 νται
1017 3215 1064 3271 Bb
1093 3219 1095 3263 ἰ
1123 3217 1173 3270 καί

152 3297 234 3344 τοῦτο
253 3289 302 3344 καὶ
321 3289 374 3344 ΑΒ
448 3295 481 3345 16
505 3236 591 3362 Mb?
598 3288 644 3344 έπί
662 3291 688 3344 Α
718 3289 783 3360 ήή
751 3309 801 3344 τν
766 3167 929 3360 ήδίκηυῖ
945 3289 997 3359 τήν
1022 3270 1173 3344 delendum

153 3376 255 3416 εεεοο.
271 3360 374 3416 Garrer
392 3361 457 3416 Obs.
476 3380 504 3432 p.
521 3368 554 3416 ⁷5
582 3363 584 3413 ἰ
612 3369 672 3424 τοῖς
689 3363 875 3450 ὑπηρετονσιν
894 3361 990 3422 αὑτοῖς
1009 3359 1173 3422 ἰδιώταιςΑ

154 3438 189 3486 24
207 3433 403 3504 φοβερώτατον
422 3433 475 3488 ΑΒ
