2656 3932
158 197 220 262 168
574 225 607 234 -
645 198 685 249 M
723 225 756 234 ·-

155 331 213 407 τῆς
235 321 409 407 παρθένου
432 330 503 399 τολς
527 321 736 406 συγγενέσιν,
763 318 835 388 ἀλλ’
853 322 935 388 ὅταν
957 319 1012 388 ἐπὶ
1039 323 1101 405 τὴν
1123 320 1176 405 έγ·

155 431 243 512 γύην
271 435 444 514 προαχθῇ,
473 430 554 511 μετὰ
583 431 659 512 βίας
689 428 794 513 αὐτὴν
824 429 975 513 ἀπάγειν,
1005 425 1111 516 ἑαυτῷ
1141 451 1177 493 τε
1187 448 1257 496 2241

156 537 295 600 πλείονα
322 535 477 620 φυλακὴν
504 536 799 620 περιστησάμενος,
826 536 871 613 ὡς
892 535 998 620 μηδὲν
1020 535 1086 600 ὑπὸ
1110 546 1177 602 τῶν
1309 523 1310 536 ’

156 643 265 726 ὄχλων
283 644 455 726 βιασθείη,
478 642 534 706 καί
551 644 592 708 τοὶ
615 641 709 728 πέριξ
732 651 792 709 τοῦ
815 646 961 727 βήματος
983 641 1124 728 ἑταίρων
1142 664 1178 706 τε

116 723 211 850 {nal
233 754 385 815 πελατῶν
408 749 494 836 ὄχλῳ
518 749 787 832 προκαταλαβάν.
832 750 889 815 ἵνα
911 749 950 815 δὲ
972 752 1038 814 σὺν
1060 750 1178 834 εὐσχή-

156 880 234 938 μονι
257 857 352 940 δίκης
374 865 472 922 τοῦτο
496 856 623 946 πράττη
646 856 827 942 προφάσει,
854 858 898 941 μὴ
926 856 1178 942 παραγενηθέν-
1311 905 1312 984 χ

156 985 212 1039 τος
235 961 290 1028 ἐπὶ
312 965 374 1047 τὴν
396 961 522 1046 ἐγγύην
544 972 605 1028 τοῦ
632 965 771 1048 πατρός,
798 961 973 1041 ἐπιστολὰς
1000 964 1082 1041 δούς
1109 973 1179 1040 τοῖς
1311 985 1312 1052 3

156 1069 363 1147 πιστοτάτοις
395 1071 552 1136 ἱππεῦσιν
582 1067 728 1152 ἔπεμψεν
757 1067 812 1135 έπλ
843 1071 903 1136 τὸν
934 1070 1061 1156 χάρακα
1094 1069 1178 1154 [καὶ]

156 1177 240 1263 πρὸς
259 1173 438 1242 ’Λντώνιον
458 1179 519 1242 τὸν
540 1177 688 1261 ἡγεμόνα
710 1185 770 1242 τοῦ
792 1176 969 1260 τάγματος,
993 1173 1052 1260 ὑφ’
1071 1171 1112 1241 οὗ
1134 1173 1179 1259 ἦν
1312 1257 1313 1270 ¹

113 1304 139 1343 1⁰
160 1283 372 1368 Οὐεργίνιος,
400 1281 501 1361 ἀξιῶν
529 1283 633 1348 αύτὸν
659 1283 809 1368 κατέχειν
830 1285 891 1349 τὸν
914 1284 1022 1368 άνύρα
1049 1281 1087 1349 έν
1100 1282 1179 1348 ’ἑπι-

156 1394 248 1472 μελελ
275 1395 424 1477 φυλακῇ,
451 1393 495 1475 μὴ
524 1389 613 1480 λάθη
640 1393 833 1474 πυθόμενος
859 1392 899 1456 τοὶ
926 1391 1003 1474 περὶ
1029 1391 1091 1474 τὴν
1113 1395 1179 1456 θυ-

117 1496 283 1582 3γατέραΙ
304 1499 360 1563 καλ
388 1498 527 1582 διαδρὰς
550 1495 587 1563 ἐκ
611 1507 671 1562 τοῦ
694 1497 845 1583 χάρακος.
890 1493 1048 1582 ἔφθησαν
1070 1494 1101 1561 θ’
1120 1498 1179 1562 αύ-

156 1605 216 1669 τὸν
242 1605 275 1669 ολ
296 1614 336 1689 τῇ
360 1607 443 1694 κόρη
466 1607 704 1689 προσήκοντες,
730 1606 946 1690 Νομιτοιρίου
969 1628 1005 1669 τε
1027 1606 1101 1681 υίὸς
1123 1605 1180 1670 καὶ

157 1710 302 1795 ἀδελφὸς
334 1711 484 1794 Ἰουλίου,
520 1710 826 1796 προαποσταλέντες
861 1710 928 1776 ὑπὸ
964 1721 1032 1776 τῶν
1068 1713 1179 1776 ἄλλων

112 1837 137 1876 ιι
156 1814 340 1901 ἀρχομένης
364 1814 412 1882 ἔτι
434 1827 492 1902 τῆς
514 1818 756 1901 καταστάσεως,
779 1819 910 1883 νεανίαι
932 1821 1075 1902 λήματος
1097 1823 1179 1902 πλή-
1310 1877 1314 1896 ,

158 1945 226 2006 ρεις
260 1922 324 1989 άπὸ
358 1925 500 2010 ῥυτῆρος
530 1924 587 1990 καλ
618 1926 699 2007 μετὰ
729 1924 886 2008 μάστιγος
923 1922 1074 1990 ίλοιθεῑσι
1110 1935 1180 2001 τοῖς

158 2030 271 2108 ἵπποις
297 2033 462 2117 πρότερον
490 2031 709 2108 διανύσαντες
736 2031 797 2116 την
820 2030 902 2096 ὁδὸν
924 2032 1048 2117 καὶτῷ
1075 2032 1179 2115 Οὐερ

116 2137 138 2202 4
157 2139 253 2224 γινίῳ
276 2139 317 2203 τοὶ
339 2137 555 2224 πεπραγμένα
577 2138 886 2223 διασαφηνίσαντες.
930 2137 949 2204 ὁ
973 2138 1011 2204 δὲ
1033 2140 1095 2222 τὴν
1117 2139 1179 2220 μὲν

157 2244 266 2330 ἀληθῆ
297 2247 380 2330 πρὸς
405 2244 587 2312 Ἀντώνιον
617 2247 727 2311 αἰτίαν
756 2243 1048 2330 ἀποκρυψάμενος,
1078 2246 1259 2330 &way-,2242

112 2373 138 2414 ιο
155 2354 253 2418 καίον
281 2351 321 2418 δέ
345 2375 437 2429 τινος
466 2361 652 2436 συγγενοῦς
680 2351 888 2436 σκηψάμενος
915 2353 1087 2418 πεπύσθαι
1115 2353 1179 2418 θά·

156 2481 270 2542 νατον,
302 2454 343 2523 οὗ
375 2461 437 2543 τὴν
469 2459 647 2543 έκκομιδην
678 2482 714 2524 τε
745 2459 801 2524 καλ
832 2460 943 2543 ταφὴν
975 2459 1079 2524 αὐτὸν
1111 2456 1179 2524 ἔδει

156 2568 362 2648 ποιήσασθαι
384 2566 466 2630 κατὰ
489 2567 549 2631 τὸν
571 2569 688 2650 νόμον,
714 2565 846 2650 ἀφίεται
868 2565 924 2630 καὶ
946 2566 1023 2650 περὶ
1047 2567 1179 2650 λύχνων

157 2671 246 2757 ἁφάς
277 2673 401 2755 ἤλαυνε
433 2673 514 2754 μετὰ
545 2683 613 2738 τῶν
644 2674 823 2757 μειρακίοιν
852 2669 922 2736 κατ’
947 2673 1049 2749 άλλας
1078 2671 1179 2750 ὁδοὺς

158 2780 306 2863 διωγμὸν
333 2775 369 2843 έκ
396 2800 431 2842 τε
458 2787 519 2842 τοῦ
546 2778 774 2864 στρατοπέδου
801 2779 857 2844 καὶ
884 2778 949 2844 ἀπὸ
971 2789 1030 2863 τῆς
1052 2782 1178 2856 πόλεως

112 2859 328 2990 ἓθεύοικάς·
357 2885 438 2970 ὅπερ
465 2885 521 2950 καλ
548 2884 683 2970 συνέβη.
729 2885 747 2951 ὅ
775 2908 810 2950 τε
836 2887 900 2970 γάρ
920 2882 1097 2962 Ἀντώνιος
1121 2887 1179 2962 τὰς

158 2992 333 3069 ἐπιστολὰς
363 2990 539 3074 δεξάμενος
568 2993 645 3078 περὶ
674 2993 809 3078 πρώτην
840 2993 981 3075 μάλιστα
1013 2995 1178 3077 φυλακήν,

229 3175 243 3221 1
263 3176 323 3230 τοῖς
340 3165 528 3236 παρθένουΙι
602 3175 618 3222 6
642 3165 707 3238 δίκη
727 3177 808 3222 τοῦτο
827 3168 934 3238 πράττη
954 3167 976 3222 Ο
1001 3171 1072 3239 δοκῇ
1096 3177 1178 3223 τοῦτο

156 3239 288 3308 πράττειν
307 3257 330 3293 ο.
345 3239 488 3310 Kiessling
506 3237 588 3308 θίιιης
604 3248 686 3294 τοῦτο
705 3239 811 3312 πράττη
831 3257 854 3294 ο,
869 3239 978 3308 Kayser
995 3239 1088 3294 Fleok.
1106 3240 1177 3294 Ann.
1216 3241 1220 3251 ’

158 3316 208 3364 101
229 3313 320 3380 (1871)
339 3329 366 3380 p.
382 3317 433 3365 725
492 3311 576 3366 8καλ
595 3310 786 3380 deLSylburg
840 3309 925 3378 λίθῳ’
943 3308 1018 3364 ὃνΟ
1075 3316 1108 3364 10
1127 3312 1179 3365 αύ-

156 3391 206 3436 τοῦ
225 3381 266 3435 ibi
285 3398 307 3434 ο.
323 3382 426 3436 Reiske
499 3388 533 3436 12
555 3382 604 3436 καλ
626 3385 692 3436 ουλε
713 3380 833 3448 διαδράς
855 3381 908 3435 del.
931 3382 1031 3436 Portus
1104 3381 1178 3437 256

157 3453 210 3522 γὰρ
231 3452 253 3506 0
272 3453 427 3520 praeter'V
556 3451 558 3455 ’
