2654 3916
552 229 586 238 —
624 200 668 251 ru
705 227 738 237 -
1091 199 1156 265 εον

138 325 278 407 δυνάμει
304 325 360 390 καὶ
386 333 426 410 τῇ
460 325 549 409 παρά
578 329 757 389 Σαυνιτῶν
789 323 971 414 ἀφεξομένη
1003 326 1175 412 βοηθείᾳ,

137 434 298 516 ναυτικήν
327 428 356 496 τ’
383 433 480 516 λσχὺν
509 429 806 516 προσληψομένους
836 428 896 509 ἔξω
929 440 986 514 τῆς
1018 429 1157 515 ἑαυτῶν,

137 539 181 622 ἣν
208 543 407 623 Ταραντῖνοι
429 537 629 622 πέμψουσιν,
656 535 716 604 έάν
739 538 803 624 άρα
830 538 886 604 καί
912 539 1034 623 ταύτης
1056 538 1157 604 δέων-

138 667 206 729 ται,
229 647 357 730 πολλὴν
379 646 435 710 ιιαλ
458 645 600 731 άχαθην.
639 645 742 712 Vrsiu.

209 751 265 818 VI.
291 750 340 840 (6)
368 755 604 837 Συναχθείσης
634 752 672 818 δὲ
700 761 759 837 τῆς
788 755 912 838 βουλῆς
941 752 997 818 καί
1024 757 1158 818 πολλῶν
1190 775 1202 816 s

139 859 314 945 ῥηθέντων
332 859 370 924 έν
388 859 471 945 αὐτῇ
496 861 616 943 λόγων,
640 859 698 937 οὓς
722 859 814 925 αἵτε
836 862 1009 943 πρεσβεῖαι
1032 857 1159 944 διεξῆλ·

138 972 206 1032 θον
226 966 282 1031 καί
305 967 338 1032 ολ
361 967 644 1052 συναγορεύοντες
667 967 797 1050 αύταλς,
821 965 998 1050 διέστησαν
1016 967 1051 1031 αλ
1073 977 1159 1051 χνῶ-

138 1097 197 1155 μαι
232 1083 300 1139 τῶν
332 1073 516 1159 συνέδρων,
551 1073 607 1138 καί
643 1073 679 1138 οἵ
712 1096 750 1157 χε
782 1071 988 1158 χαριέστατοι
1019 1075 1060 1138 τά
1091 1085 1159 1140 τῶν

58 1177 301 1262 εεΙιῬοιμαίων
319 1177 438 1258 έδοξαν
457 1189 606 1266 φρονεῖν.
643 1178 775 1264 ἐκείνην
792 1179 854 1262 μὲν
873 1175 936 1245 οὖν
954 1182 1016 1265 τὴν
1036 1181 1160 1268 ἡμέραν
1178 1182 1198 1247 2

140 1285 241 1352 οὐδὲν
273 1284 434 1372 ἐξηνέχθη
466 1287 716 1373 προβούλευμα,
753 1289 801 1364 εἰς
836 1285 953 1372 ἑτέραν
985 1287 1023 1353 δὲ
1058 1288 1159 1354 πάλιν
1178 1311 1204 1352 ιο

140 1392 242 1478 ἕδραν
266 1392 512 1478 άναβληθείσης
539 1404 597 1479 τῆς
621 1394 698 1478 περί
720 1404 788 1460 τῶν
809 1398 996 1478 πρεσβειῶν
1018 1395 1160 1478 διαγνώ-

140 1517 232 1584 σεως,
256 1500 453 1585 ἀφικόμενοι
475 1502 557 1566 κατά
580 1505 710 1585 πλῆθος
733 1503 780 1579 είς
798 1503 860 1586 την
877 1501 1051 1567 Νεάπολιν
1069 1507 1160 1568 Σαυ-

139 1617 242 1694 νιτῶν
278 1609 311 1673 ολ
347 1608 572 1674 δυνατώτατοι
606 1608 663 1674 καί
697 1611 776 1686 τοὺς
812 1610 1054 1693 προεστηκότας
1092 1619 1160 1675 τῶν

139 1725 263 1780 κοινῶν
291 1717 486 1800 θεραπείαις
514 1715 603 1780 τισίν
634 1716 881 1800 ολιιειωσάμενοι
911 1717 1070 1782 πείθουσι
1099 1717 1161 1800 την

140 1824 268 1907 βουλὴν
300 1820 355 1888 ἐπί
386 1833 431 1910 τῶ
462 1823 554 1910 δήμῳ
587 1832 723 1908 ποιησαι
753 1824 816 1906 τὴν
843 1831 903 1889 τού
931 1823 1161 1908 συμφέροντος
1178 1843 1205 1884 ιι

141 1929 279 2013 αἵρεσιν.
324 1929 380 1995 καί
407 1932 633 2014 παρελθόντες
660 1931 708 2006 εἰς
735 1931 796 2013 τὴν
824 1929 1001 2013 ἐκκλησίαν
1027 1930 1200 2014 πρῶτον3

141 2035 202 2117 μὲν
225 2037 282 2113 τάς
305 2034 433 2102 ἑαυτῶν
457 2037 647 2121 εὐεργεσίας
670 2033 853 2126 διεξῄεσαν,
877 2033 988 2100 ἔπειτα
1010 2045 1068 2120 τῆς
1087 2034 1161 2102 Ῥω-

141 2144 248 2224 μαίων
271 2144 397 2219 πόλεως
419 2145 527 2207 πολλὰ
549 2143 768 2226 κατηγόρουν,
796 2142 840 2218 ὡς
862 2141 1004 2207 ἀπίστου
1027 2142 1082 2207 καί
1105 2144 1162 2207 δο-

142 2251 232 2331 λίου,
250 2253 466 2324 τελευτῶντες
491 2249 529 2314 δὲ
556 2257 616 2312 τοῦ
641 2249 743 2330 λόγου
766 2249 962 2330 θαυμαστάς
985 2247 1160 2316 ἐποιοῦντο

141 2363 211 2431 τοῖς
242 2357 466 2431 Νεαπολίταις
499 2353 708 2439 ὑποσχέσεις,
745 2352 804 2420 ἐάν
840 2356 888 2432 εἰς
923 2355 984 2420 τὸν
1015 2357 1161 2438 πόλεμον
1179 2377 1205 2418 rs

140 2471 336 2544 κατασπῶσι,
359 2461 517 2547 στρατιάν
534 2484 569 2526 τε
588 2460 740 2544 πέμψειν,
763 2461 843 2546 ὅσης
866 2461 908 2528 δν
926 2461 1077 2547 δέωνται,
1099 2464 1161 2548 τὴν

143 2567 359 2652 φυλάξουσαν
377 2567 489 2634 αὐτῶν
506 2569 547 2633 τά
569 2571 669 2652 τείχη,
692 2568 748 2633 καί
770 2578 841 2646 ταις
864 2570 987 2635 ναυσίν
1005 2565 1162 2654 ἐπιβάτας
1197 2619 1199 2624 ,

61 2693 132 2744 2318
142 2677 197 2742 καί
224 2677 286 2760 τὴν
313 2677 459 2762 εἰρεσίαν
487 2675 619 2741 άπασαν
646 2673 811 2760 παρέξειν,
841 2676 882 2742 ού
909 2678 1016 2760 μόνον
1042 2700 1161 2760 καταν-

142 2783 316 2867 χέλλοντες
351 2793 421 2860 τοίς
454 2783 552 2860 ἰδίοις
588 2783 840 2868 στρατεύμασιν,
878 2783 961 2850 άλλά
997 2783 1162 2860 κάκείνοις

143 2890 270 2968 ἁπάσας
293 2892 351 2968 τάς
374 2891 421 2968 είς
443 2891 589 2974 πόλεμον
612 2889 761 2968 δαπάνας
784 2889 1071 2976 έπεχορηχοῦντες·
1101 2889 1162 2955 άπ-

144 2997 324 3080 ιοσαμένοις
342 3021 376 3063 τε
395 2997 432 3062 τὸ
450 2994 629 3080 Ῥωμαϊκὸν
647 2997 832 3081 στράτευμα
849 2998 969 3082 Κύμην
987 2993 1015 3061 τ’
1034 2996 1162 3064 ἀνασύ-

1179 2862 1220 2927 4»

1180 2951 1206 2992 25

216 3177 231 3225 1
255 3170 487 3245 άφανιζομένηΟ
513 3169 669 3244 άφιξομένη
694 3189 762 3228 corr.
780 3170 899 3226 Ursinus
976 3178 992 3226 5
1016 3173 1047 3228 δὲ
1069 3180 1118 3244 της
1136 3171 1162 3225 V

144 3239 195 3296 οὖν
213 3250 261 3312 τῆς
278 3241 304 3295 X
322 3244 431 3314 (BMP)
505 3250 537 3298 17
558 3241 695 3309 διεξίεσαν
715 3243 737 3298 0
756 3259 826 3298 corr.
843 3243 965 3314 Sylburg
985 3243 1020 3300 cf.
1039 3243 1091 3298 XV
1104 3251 1130 3310 4,
1146 3249 1161 3298 2

145 3311 178 3367 18
197 3311 331 3376 ἀπίστους
352 3316 401 3368 καλ
425 3313 536 3378 δολίους
557 3315 579 3370 Ο
606 3331 674 3368 corr.
693 3314 811 3368 Ursinus
885 3319 917 3368 19
940 3317 1120 3378 τελευτῶντος
1138 3314 1161 3369 Ο

145 3402 213 3440 corr.
234 3384 355 3455 Sylburg
415 3391 449 3440 20
467 3388 533 3450 τούς
550 3383 729 3448 Νεαπολίτας
747 3385 770 3441 Ο
789 3402 857 3440 corr.
877 3386 996 3440 Ursinus
1059 3393 1094 3440 24
1112 3386 1162 3440 κά-

144 3455 254 3520 ιιείνους
273 3455 295 3511 0
316 3473 384 3510 sorr.
403 3456 521 3512 Ursinus
594 3464 628 3512 25
647 3456 859 3528 ἐπιχορηγήσειν
878 3474 900 3512 ο.
915 3457 1019 3513 Reiske
