2654 3916
180 204 247 270 284
552 233 586 242 -
623 207 673 257 ιε.
702 207 756 257 m.
795 233 830 242 -

141 326 315 413 3συνέβη.
374 325 448 414 (12)
486 328 699 415 ἀφικομένων
735 330 799 416 γὰρ
836 340 903 396 τῶν
939 327 1112 417 πρέσβεων
1147 329 1204 395 καὶ

180 436 288 501 πολλὰ
315 433 483 518 δεομένων
505 436 527 520 ἥ
554 459 590 501 τε
612 438 717 521 βουλὴ
741 436 900 522 δέχεσθαι
922 439 963 503 τὰ
986 437 1093 524 ὅμηρα
1115 433 1203 522 ἔγνω

179 543 236 608 καλ
258 544 320 628 την
343 544 461 628 φιλίαν
484 545 568 629 πρὸς
589 545 669 621 τοὺς
691 547 886 623 Λευκανοὺς
909 544 1072 630 συνάψαι,
1100 544 1156 610 καλ
1183 543 1203 610 δ

140 650 283 734 4δῆμος
311 647 499 736 ἐπεκύρωσε
525 651 566 716 τδ
592 649 809 736 ψηφισθέντα
836 650 893 717 ὑπ’
912 651 1022 737 αὐτῆς.
1067 649 1204 736 γενομέ-

149 777 250 822 ινων
278 756 316 823 δέ
342 768 410 823 τῶν
438 763 620 842 συνθηκῶν
648 759 732 844 πρὸς
758 761 837 836 τοὺς
864 757 1109 834 ἀποσταλέντας
1134 756 1202 824 ὑπὸ

179 875 247 929 τῶν
276 866 460 930 Λευκανῶν
489 865 615 950 ἀνδρας
644 865 678 931 ολ
706 865 929 951 πρεσβύτατοι
952 863 1118 949 Ῥωμαίων
1147 865 1204 930 καλ

179 971 368 1053 τιμιώτατοι
395 970 687 1057 προχειρισθέντες
713 971 779 1038 ὑπὸ
807 981 866 1057 τῆς
894 976 1019 1057 βουλῆς
1047 970 1203 1057 πρέσβεις
1212 991 1288 1040 2330

180 1077 411 1162 ἀπεστάλησαν
434 1076 489 1144 ἐπὶ
516 1079 578 1163 την
604 1079 722 1164 κοινὴν
747 1090 815 1145 τῶν
837 1084 1017 1146 Σαυνιτῶν
1044 1079 1203 1163 σύνοδον,

180 1185 387 1268 δηλώσοντες
414 1184 542 1270 αὐτοῖς,
569 1185 621 1250 ὅτι
648 1187 743 1270 φίλοι
769 1185 825 1252 καλ
852 1187 1018 1272 σύμμαχοι
1036 1184 1204 1270 Ῥωμαίων

135 1313 161 1352 ιο
180 1291 245 1356 ελσλ
272 1294 456 1377 Λευκανοί,
487 1292 543 1358 καλ
575 1295 637 1377 την
668 1315 704 1358 τε
735 1293 847 1379 χώραν
873 1294 918 1378 ἣν
944 1290 1064 1380 ἔτυχον
1091 1292 1204 1360 αὐτῶν

179 1398 387 1489 ἀφηρημένοι
410 1398 695 1484 παρακαλέσοντες
718 1399 928 1485 ἀποδιδόναι,
950 1400 1006 1466 καὶ
1029 1400 1134 1486 μηδὲν
1154 1397 1203 1465 ἔτι

178 1505 336 1591 πράττειν
368 1503 469 1592 ἔργον
500 1508 679 1590 πολεμίων,
716 1507 760 1585 ὡς
797 1507 838 1573 οὐ
870 1506 1113 1592 περιοψομένης
1144 1517 1203 1592 τῆς

175 1609 342 1695 Ῥωμαίων
371 1614 498 1690 πόλεως
527 1615 606 1690 τοὺς
635 1612 754 1698 ἑαυτῆς
785 1613 892 1692 λκέτας
923 1611 1202 1697 ἐξελαυνομένους

179 1717 216 1784 ἐκ
238 1728 296 1802 τῆς
319 1716 489 1804 σφετέρας.
532 1721 637 1785 Vrsin.

135 1844 160 1884 ιι
250 1823 291 1889 ΙΙ.
315 1823 461 1912 (16,13)
489 1827 532 1891 Οἱ
559 1827 597 1892 δὲ
620 1832 785 1894 Σαυνῖται
811 1839 880 1894 τῶν
902 1826 1075 1914 πρέσβεων
1102 1825 1202 1896 ἀκού-

180 1948 297 2010 σαντες
323 1931 535 2017 ἠγανάκτουν
567 1957 603 1999 τε
634 1935 690 2000 καλ
724 1933 950 2020 ἀπελογοῦντο
979 1944 1113 2022 πρῶτον
1140 1935 1202 2019 μὲν
1320 1982 1321 2010 ;

179 2039 241 2104 οὐκ
268 2037 324 2105 ἐπὶ
350 2040 457 2129 τούτῳ
484 2047 689 2125 πεπονῆσθαι
717 2041 869 2127 λέγοντες
896 2043 954 2121 τὰς
976 2042 1054 2128 περὶ
1076 2052 1134 2127 τῆς
1157 2043 1202 2108 ελ-
1320 2027 1321 2064 ³

179 2149 282 2232 ρηνης
314 2145 505 2232 ὁμολογίας,
540 2145 595 2214 ἐπὶ
629 2158 675 2238 τῷ
707 2147 833 2233 μηδένα
864 2153 944 2234 μήτε
977 2152 1080 2236 φλλον
1112 2149 1202 2216 ἴδιον

177 2254 370 2338 ἡγήσασθαι
398 2250 472 2339 μήτ’
497 2252 634 2340 έχθρόν,
666 2252 726 2321 έάν
754 2258 798 2342 μη
825 2254 976 2340 Ῥωμαῖοι
1006 2256 1202 2322 κελεύωσιν·

134 2379 160 2418 2⁰
179 2356 285 2426 ἔπειθ’
303 2359 355 2426 ὅτι
372 2364 568 2439 Λευκανοὺς
591 2362 631 2428 οὐ
651 2365 815 2449 πρότερον
833 2361 1031 2448 ἐποιήσαντο
1050 2360 1202 2446 Ῥωμαῖοι

179 2469 310 2552 φίλους,
334 2465 405 2532 ἀλλ’
423 2464 561 2554 ἔναγχος
584 2472 764 2553 πολεμίους
784 2471 849 2556 ἤδη
873 2481 970 2556 σφῶν
988 2471 1097 2554 ὄντας,
1120 2472 1202 2556 πρό-

179 2588 284 2657 φασιν
311 2573 388 2639 οὔτε
416 2574 549 2640 δικαίαν
577 2573 647 2641 οὔτ’
670 2577 859 2662 εὐσχήμονα
885 2579 1202 2660 κατασκευαζόμενοι
1211 2595 1281 2645 2831

138 2679 238 2745 2τοῦ
265 2684 448 2746 καταλῦσαι
474 2683 534 2760 τὰς
560 2683 716 2760 σπονδάς.
767 2683 1039 2769 ἀποκρινομένων
1066 2685 1105 2750 δὲ
1133 2695 1201 2750 τῶν

174 2784 351 2872 Ῥωμαίων,
375 2786 427 2852 ὅτι
455 2790 535 2865 τοὺς
563 2788 733 2874 ὑπηκόους
762 2789 1030 2877 ὁμολογήσαντας
1060 2790 1202 2858 έπεσθαι

250 3039 266 3087 9
290 3033 505 3104 δηλώσαντεςΟ
529 3051 598 3090 corr,
617 3035 760 3106 Kiessling
834 3042 867 3091 10
894 3035 945 3108 την
969 3034 1030 3092 τότε
1056 3039 1151 3108 χώραν
1177 3036 1200 3092 Ο

179 3120 247 3158 corr.
268 3103 390 3176 Sylburg
464 3111 496 3160 11
515 3104 760 3175 παρακαλέσαντες
779 3107 802 3163 Ο
821 3125 890 3163 corr.
911 3107 1033 3179 Sylburg
1103 3114 1135 3164 12
1156 3108 1201 3178 λρ-

177 3193 235 3245 γαν
247 3175 272 3229 V
289 3179 292 3247 Ι
308 3174 447 3246 πολεμίων
460 3175 652 3249 περιοψομένη
666 3179 696 3232 Μ
709 3178 879 3249 Kiesslingio
893 3182 966 3236 teste
1020 3184 1053 3234 13
1069 3177 1162 3243 ἱκέτας
1177 3180 1200 3235 Ο

177 3248 291 3315 praeter
310 3245 336 3299 X
358 3249 408 3317 qui
432 3249 542 3304 codices
565 3246 676 3313 οἰκέτας
698 3250 836 3320 praebent
908 3257 941 3305 16
965 3251 1155 3322 ἀπελογοῦντο
1175 3251 1201 3306 V

178 3317 370 3388 ἀπηλογοῦντο
389 3319 415 3374 Β
433 3336 503 3375 corr.
523 3320 645 3392 Sylburg
713 3327 747 3377 18
767 3319 827 3397 λδληι
846 3339 868 3376 ο.
885 3321 1044 3391 Stephanus
1113 3327 1147 3377 20
1166 3323 1200 3378 οά

177 3389 249 3443 πολδ
262 3389 308 3444 vel
322 3390 354 3444 οά
369 3393 460 3462 πολλῷ
474 3389 610 3462 πρότερον
630 3410 653 3448 ο.
669 3393 829 3463 Stephanus
891 3399 925 3448 24
944 3392 1163 3464 ὁμολογήσαντες
1177 3393 1199 3448 Ο

179 3476 248 3514 corr.
267 3459 385 3516 Ursinus
406 3462 410 3534 Ι
431 3462 552 3519 ἔπεσθαι
571 3464 593 3520 0
613 3463 729 3520 ἔσεσθαι
746 3463 864 3518 Ursinus
