2656 3932
575 212 732 262 -J-
1118 210 1161 275 93

137 360 197 416 τας
224 336 291 402 ὑπὸ
318 344 379 402 τοῦ
407 337 514 419 δήμου
542 345 611 413 τοῖς
638 335 830 420 ἀναγκαίοις
857 333 1016 419 εἴξαντες,
1043 331 1158 400 οὐκέθ’

139 445 237 526 ὅμοια
264 439 402 528 ἔγνωκα
447 441 635 527 ἐβουλόμην
662 439 693 507 δ’
712 441 754 510 ἀν
780 442 921 524 μάλιστα
942 442 1016 528 μήτ’
1033 440 1202 528 έμαυτῶῧ

138 554 309 635 συμβῆναι
344 553 425 635 μήτε
460 561 506 636 τῷ
544 549 747 636 συνάρχοντύ
776 573 842 633 μου
874 559 996 634 ταῦτα,
1031 547 1084 635 ἐφ’
1112 542 1163 628 οἷς

138 658 283 734 ἅπαντες
318 658 399 742 ἡμῖν
435 663 649 739 συμπαθεῖτε.
708 655 822 742 ἐπειδὴ
854 658 893 724 δὲ
923 660 964 724 τὰ
992 658 1054 742 μέν
1080 654 1159 724 καθ’

138 767 224 850 ἡμᾶς
245 764 341 842 τέλος
363 761 444 850 ἔχει,
467 765 508 829 τά
530 763 568 829 δέ
590 765 691 828 λοιπδ
712 760 839 842 ἔξεστιν
857 762 1163 851 ἐπανορθώσασθαι
1195 790 1208 830 ι

138 872 195 938 καλ
226 880 287 938 τοῦ
324 872 368 956 μη
401 877 526 937 παθεῖν
557 871 660 936 ταύτὰ
692 869 825 957 ἑτέρους
855 871 1072 958 προϊδέσθαι,
1108 872 1164 938 καὶ

139 988 237 1066 κοινῇ
264 979 321 1044 καὶ
343 977 421 1044 καθ’
439 977 499 1044 ἕνα
521 977 660 1044 ἕκαστον
684 978 754 1065 ῖδῖηι
776 979 817 1043 τὰ
839 981 989 1065 παρόντα
1011 974 1049 1045 εὖ
1072 981 1164 1045 πόθε·

140 1093 224 1153 σθαι
251 1089 438 1172 παρακαλῶ.
484 1085 641 1170 κράτιστα
667 1086 732 1170 γὰρ
760 1086 897 1152 οἰκεῖται
919 1086 1015 1163 πόλις
1035 1087 1057 1171 ἡ
1080 1087 1164 1172 πρὸς

139 1195 180 1259 τά
203 1193 379 1280 πράγματα
401 1190 709 1278 μεθαρμοττομένη,
731 1193 787 1257 καλ
810 1193 1011 1276 συμβούλων
1030 1193 1163 1280 ἀριστος

140 1300 159 1366 ό
187 1301 231 1385 μη
260 1300 344 1387 πρὸς
370 1300 433 1384 τὴν
461 1299 551 1365 ἰδέαν
578 1295 706 1384 ἔχθραν
732 1298 753 1382 ἢ
776 1299 885 1384 χάριν,
913 1299 997 1365 ἀλλὰ
1019 1301 1103 1385 πρὸς
1124 1301 1163 1366 τὸ
1182 1324 1208 1364 ιο

139 1416 237 1493 κοινῇ
266 1405 441 1492 συμφέρον
464 1405 744 1489 ἀποδεικνύμενος
766 1407 915 1491 γνώμην·
943 1407 1166 1489 βουλεύονταί

140 1511 169 1579 τ’
188 1515 307 1598 άριστα
329 1513 406 1599 περδ
428 1523 496 1578 τῶν
517 1514 708 1596 μελλόντων
726 1515 759 1578 ολ
780 1513 1029 1599 παραδείγματα
1048 1514 1164 1579 ποιού-

140 1643 237 1704 μενοι
262 1622 304 1686 τδι
326 1621 488 1705 γεγονότα
509 1630 577 1684 τῶν
600 1617 776 1702 ἐσομένων.
820 1620 902 1704 ὑμῖν
924 1617 970 1704 δ’,
997 1617 1023 1686 ὦ
1046 1623 1204 1705 βουλή,4

141 1727 256 1804 ὁσάκις
284 1725 401 1812 ένέστη
428 1749 478 1804 τις
508 1726 751 1811 ἀμφισβήτησις
779 1728 835 1793 καλ
865 1730 1052 1814 φιλονεικία
1081 1730 1164 1813 πρὸς

139 1836 202 1901 τὸν
219 1835 338 1920 δῆμον,
360 1831 415 1900 ἀεί
434 1856 467 1898 τι
488 1843 691 1916 μειονεκτεῖν
709 1832 874 1918 ἐξεγένετο
892 1836 930 1901 τὸ
949 1836 1011 1918 μέν
1029 1835 1164 1902 ἀκούειν
1183 1858 1208 1898 ιε

140 1951 264 2025 κακῶς,
290 1943 329 2007 τὸ
357 1937 387 2006 δ’
406 1941 454 2017 εἰς
481 1939 615 2024 ἀνδρῶν
637 1939 811 2026 ἐπιφανῶν
841 1942 1011 2020 θανάτους
1042 1965 1078 2008 τε
1108 1945 1165 2008 καῖ

57 2066 129 2116 2128
139 2048 257 2133 ὕβρεις
285 2049 342 2113 καὶ
371 2045 509 2132 ἐκβολάς
539 2050 752 2132 ζημιωθῆναι.
797 2050 905 2114 καίτοι
927 2051 962 2113 τί
982 2047 1103 2132 γένοιτ’
1122 2049 1164 2114 ἀν

141 2155 292 2240 ἀτύχημα
318 2157 413 2220 πόλει
444 2157 555 2237 μεῖζον
576 2154 597 2238 ἢ
620 2157 699 2232 τοὺς
721 2157 918 2240 κρατίστους
939 2165 1007 2220 τῶν
1029 2155 1164 2240 ἀνδρῶν

140 2263 403 2348 περικόπτεσθαι
431 2262 487 2327 καλ
515 2269 619 2326 ταῦτα
646 2261 687 2326 οὐ
711 2261 776 2325 σύν
798 2261 888 2350 δίκης
917 2255 966 2327 ὧν
987 2255 1069 2345 ὑμῖν
1092 2265 1164 2347 φεῖ-

141 2371 264 2435 δεσθαι
300 2379 451 2454 παραινῶ
486 2369 541 2433 καλ
572 2371 652 2452 μήτε
683 2369 762 2444 τούς
793 2377 858 2434 νῦν
890 2369 1052 2454 άρχοντας
1083 2389 1163 2454 προ·
1182 2390 1209 2432 ιο

141 2478 307 2560 βαλόντας
330 2477 377 2552 εἰς
399 2475 561 2540 κίνδυνον
584 2474 765 2558 πρόδηλον,
794 2471 906 2540 ἔπειτα
928 2474 1164 2560 ἐγκαταλιπόν-

140 2607 200 2660 τας
229 2581 268 2648 έν
296 2592 367 2660 τοῖς
394 2583 518 2659 δεινοῖς
539 2590 723 2664 μετανοεῖν,
752 2584 832 2667 μήτε
854 2593 923 2648 τῶν
945 2584 1056 2650 ἀλλων
1078 2584 1164 2668 τινά,

141 2685 183 2756 οὗ
219 2713 252 2754 τι
283 2690 339 2755 καλ
370 2690 490 2774 μικρὸν
521 2688 643 2772 ὄφελος
672 2700 718 2775 τῷ
750 2699 860 2778 κοινβ.
915 2691 1098 2775 κεφάλαιον
1130 2688 1204 2757 ‹5'5

141 2795 234 2863 ἐστὶν
264 2790 313 2864 διν
341 2795 423 2878 ύμῖν
452 2806 617 2880 παραινῶ,
646 2795 801 2882 πρέσβεις
830 2794 967 2863 έλέσθαι
996 2801 1075 2876 τοὺς
1103 2799 1165 2881 μὲν

216 2979 230 3026 1
250 2979 313 3034 ταῖς
331 2970 470 3042 ἀνάγκαις
492 2987 515 3025 ο.
536 2970 623 3027 Cobet
642 2971 707 3026 Obs.
726 2990 753 3042 p.
770 2976 822 3027 200
895 2979 910 3026 2
934 2972 1052 3043 μάλιστα
1070 2973 1121 3043 μὲν
1140 2991 1163 3029 ο.

142 3043 231 3100 Cobet
245 3043 292 3098 Ll.
365 3049 382 3097 4
401 3041 479 3114 ἡμῖν]
498 3043 619 3112 ύμεῖςΑ
692 3050 708 3098 6
726 3052 815 3099 ταῦτα
833 3044 886 3098 ΑΒ
909 3044 998 3099 ταύτὰ
1015 3045 1042 3099 R
1064 3045 1164 3100 eadem

141 3117 238 3185 Lupus
312 3119 345 3168 1⁶
371 3111 521 3184 ἐξεγένετο·
549 3113 585 3168 τὰ
606 3113 657 3184 μὲν
680 3115 809 3183 ἀκούειν,
835 3114 871 3170 τδι
894 3116 925 3170 δὲ
949 3116 990 3179 εἰς
1008 3117 1121 3185 ἀνδρῶν
1139 3119 1164 3170 Α

141 3184 282 3257 ἐξεγένετο
306 3182 339 3240 τὸ
364 3183 415 3254 μδν
438 3184 553 3240 ἀκούειν
575 3185 625 3240 καλ
647 3185 728 3247 ελςΒ
753 3187 803 3241 sed
820 3186 907 3243 verba
926 3184 958 3242 τὸ
979 3187 1030 3257 μὲν
1049 3188 1164 3244 ἀκούειν

142 3273 233 3314 erasa.
261 3256 414 3324 Dionysius
427 3256 483 3310 nisi
496 3255 581 3310 fallor
594 3257 718 3325 scripsit:
733 3255 779 3311 ἀελ
791 3278 818 3312 τι
832 3267 1002 3328 μειονεκτεῖν
1017 3254 1164 3329 ἐξεγένετο,

141 3327 174 3385 τό
193 3327 245 3397 μέν
264 3329 379 3382 ἀκούειν
397 3336 504 3396 κακῶς,
521 3325 553 3383 τὸ
577 3327 607 3382 δέ
631 3328 672 3390 εἰς
694 3328 807 3397 ἀνδρῶν
831 3346 887 3399 θοι.
967 3336 1000 3385 19
1024 3333 1164 3386 συνδικῶν
1258 3349 1262 3358 ’

141 3404 210 3469 ύμῖν
230 3398 253 3454 O
273 3399 324 3454 σύν
343 3395 422 3471 δίκης
441 3393 480 3453 ὧν
498 3399 602 3454 Βοίελιε
656 3404 691 3454 20
708 3399 917 3471 προβάλλοντας
934 3402 1012 3457 ΑΒω
1066 3409 1098 3457 21
1120 3402 1163 3472 ἐγ-

142 3467 365 3531 καταλείποντας
378 3469 454 3523 ΑΒκ
506 3476 540 3524 23
559 3469 805 3544 κεφάλ<αι>ονΒ
823 3471 965 3542 κεφάλαια
984 3491 1006 3529 ο.
1021 3473 1164 3544 Kiessling
