2668 3922
574 227 607 235 -
645 199 685 250 111
722 227 756 235 -
1111 195 1175 263 185

113 373 116 378 -
155 326 314 409 ἡγεμόνες
346 321 383 389 ίκ
414 322 444 388 τ’
471 323 573 408 αὐτῆς
605 324 742 406 ἄγοντες
773 333 831 408 τῆς
860 324 988 400 πόλεως
1019 323 1177 407 στρατιὰν

154 432 211 497 καί
239 431 302 497 ἀπὸ
330 442 398 497 τῶν
425 430 606 516 συμμάχων
629 429 835 515 ἀγείραντες,
864 430 941 495 οότε
966 429 1063 514 [τινα
1079 430 1178 512 νίκην

154 539 175 622 ἡ
199 538 329 622 βλάβην
356 536 531 623 έποιὴσατε
555 537 652 622 κατδι]
679 547 747 602 τῶν
775 534 919 622 ἐχθρῶν,
948 536 1031 602 ἀλλά
1059 535 1102 600 δι’
1120 535 1178 600 ἀν-

155 647 297 730 ανδρίαν
324 667 359 710 τε
385 645 443 710 καί
470 644 624 729 ἀπειρίαν
652 641 901 730 [ἀπεδείξασθε,
928 643 1048 727 κακῶς]
1080 657 1178 727 στρα-

155 752 450 836 τοπεδευσάμενοι,
479 752 534 817 καί
561 753 623 836 τὴν
649 749 778 817 ἑαυτῶν
805 751 917 837 χώραν
945 751 990 828 ὡς
1016 749 1082 815 ὑπὸ
1110 760 1178 815 τῶν
1211 771 1222 810 ε

75 839 330 941 κλαῖ’πολεμίων
346 858 648 949 [καταδγγωθεῖσαν]
672 860 823 944 πτωχοὺς
845 857 901 924 καὶ
925 857 1072 942 ἀπόρους
1094 857 1178 941 ἡμᾶς

154 965 329 1051 ἐποιήσατε
352 965 519 1049 ἁπάντων,
543 966 617 1032 ὅσοι
638 965 858 1052 κ[ρατοῦντες
881 974 950 1042 τοῖς
973 965 1088 1042 ὅπλοις
1111 973 1179 1028 τῶν

154 1071 329 1156 ἐναντίων]
357 1072 519 1155 ἐνικῶμεν
545 1083 617 1150 ταῖς
643 1073 776 1158 μάχαις,
804 1073 858 1140 ὅτε
886 1071 981 1154 ὑμῶν
1008 1073 1178 1157 κρείττους

154 1177 241 1264 ἡσαν
268 1182 458 1266 στρατηγοί·
489 1179 630 1265 τρόπαιά
657 1201 692 1244 τε
720 1179 800 1246 καθ’
821 1181 915 1264 ἡμῶν
943 1179 1096 1245 ἀνιστᾶσι
1122 1179 1178 1244 καῖ

155 1289 279 1371 σκηνὰς
301 1287 357 1353 καί
379 1285 575 1374 ἀνδράποδα
597 1287 653 1352 καί
676 1287 762 1353 ὅπλα
784 1287 840 1352 καί
862 1289 1011 1372 χρήματα
1039 1287 1178 1372 διὴρπα-
1197 1308 1223 1346 ιο

154 1397 248 1471 κότες
271 1391 385 1479 έχουσι
406 1395 447 1458 τδι
469 1392 618 1478 ἡμέτερα.

226 1499 406 1566 ΧΧΧΧΙΠ.
430 1498 465 1565 Ὁ
493 1501 531 1566 δὲ
561 1500 758 1587 Οὐεργίνιος
784 1499 851 1566 ὑπό
878 1497 907 1565 τ’
931 1500 1033 1585 όργὴς
1059 1500 1115 1566 καί
1142 1498 1178 1565 ἐκ

154 1616 215 1673 τοῦ
238 1607 343 1691 μηδὲν
362 1604 410 1672 ὅτι
433 1605 620 1672 δεδοικέναι
641 1609 720 1684 τοὺς
742 1608 906 1692 ἡγεμόνας
928 1606 1178 1691 αὐθαδέστερον

155 1713 267 1779 αὐτῶν
288 1717 476 1799 καθὴπτετο
505 1719 676 1798 λυμεῶνας
703 1737 738 1779 τε
765 1714 821 1780 καί
849 1713 1014 1800 ὀλέθρους
1036 1725 1094 1800 τὴς
1117 1735 1178 1779 πα-

155 1821 268 1906 τρίδος
294 1823 470 1887 ἀποκαλῶν
497 1822 553 1888 καί
580 1832 753 1907 παραινῶν
776 1831 846 1899 τοῖς
874 1827 1028 1907 λοχαγοῖς
1053 1822 1178 1887 ὅπασιν
1197 1841 1222 1882 ιε

156 1927 342 2013 ἀραμένους
373 1930 413 1994 τά
445 1939 564 2013 σημεῖα
596 1929 709 1996 οίκαδε
743 1927 885 2013 ἀπᾶγειν
916 1930 979 2014 τὴν
1011 1927 1177 2015 στρατιάν.

155 2035 397 2121 ὀρρωδοόντιον
420 2037 452 2100 δ’
468 2033 516 2102 ἔτι
533 2048 602 2105 τῶν
621 2041 755 2102 πολλῶν
773 2038 814 2101 τὰ
834 2036 905 2119 ῖερά
924 2045 1042 2119 σημεῖα
1060 2045 1178 2117 κινεῖν,
1196 2035 1217 2098 2

154 2139 266 2208 ἔπειτα
288 2146 366 2222 τοὺς
389 2145 554 2228 ἡγεμόνας
576 2145 733 2220 καὶτοὺς
756 2145 962 2227 στρατηγοὺς
984 2147 1178 2207 καταλιπεῖν

154 2251 231 2316 οὔτε
259 2251 355 2316 ὅσιον
382 2250 452 2316 οὔτ’
471 2250 618 2335 ἀσφαλὲς
640 2244 727 2315 εἶναι
750 2257 832 2314 πᾶσι
854 2250 1069 2331 νομιζόντων·
1099 2248 1117 2314 ὅ
1142 2271 1178 2312 τε

73 2373 144 2424 2268
153 2359 218 2444 γὰρ
242 2357 340 2442 ὅρκος
363 2356 381 2422 ὁ
406 2356 652 2442 στρατιωτικός,
676 2355 718 2420 ὃν
740 2355 897 2422 ἁπάντων
917 2355 1058 2439 μάλιστα
1081 2353 1178 2438 έμπε-
1197 2375 1222 2416 εο

154 2464 253 2530 δοῦσι
280 2461 446 2547 Ῥωμαῖοι,
482 2473 552 2540 τοῖς
586 2472 783 2548 στρατηγοῖς
815 2462 1019 2529 ἀκολουθεῖν
1050 2463 1178 2529 κελεύει

152 2573 232 2648 τοὺς
250 2569 547 2655 στρατευομένους,
571 2571 648 2636 ὅποι
666 2571 741 2636 ποτ’
756 2569 798 2636 ἀν
818 2571 955 2655 ἀγῶσιν,
979 2570 997 2636 ὅ
1018 2592 1053 2636 τε
1076 2573 1178 2653 νόμος

225 2754 240 2800 2
264 2749 330 2816 post
352 2746 415 2801 οὸτε
438 2747 541 2801 lacuna
563 2747 622 2802 fere
642 2751 676 2802 20
695 2747 750 2801 litt.
765 2746 813 2800 VL
832 2747 882 2802 sed
900 2747 931 2800 in
949 2747 994 2801 Lo
1012 2763 1078 2816 mge
1097 2747 1178 2800 addi·

152 2821 214 2872 eum
238 2823 281 2874 eet
303 2818 453 2888 ἐποιήσατο
477 2817 550 2872 κατὰ
627 2825 642 2873 8
662 2818 732 2873 ἀλλὰ
751 2817 790 2874 δι’
808 2816 929 2885 ἀνδρίαν
948 2819 970 2872 L
994 2817 1063 2872 ἀλλὰ
1082 2816 1109 2871 δ’
1127 2818 1178 2872 ἀν-

154 2887 237 2956 δρίαν
269 2907 338 2944 eorr.
363 2907 398 2944 ex
427 2888 486 2944 ἀλλ’
513 2887 635 2958 ἀνδρίαν
658 2889 683 2944 V
711 2889 781 2945 ἀλλὰ
809 2888 837 2944 δ’
863 2887 1023 2957 ἀνανδρίαν
1050 2890 1081 2942 in
1108 2889 1176 2942 edit.

153 2961 276 3014 Kiesslin
298 2963 363 3015 'ana
386 2978 462 3016 error
487 2962 710 3031 typographiam
736 2965 780 3018 est
802 2979 853 3032 pro
873 2961 942 3015 ἀλλὰ
961 2958 1001 3015 δι’
1018 2957 1177 3026 ἀνανδρίαν

153 3039 171 3085 4
195 3030 396 3098 ἀπεδειξατεῦ
474 3039 490 3088 6
513 3036 579 3102 post
600 3031 740 3102 πολεμίων
762 3033 815 3088 lec.
837 3039 871 3088 14
889 3033 1049 3088 litterarum
1080 3031 1082 3103 ἡ
1112 3033 1178 3100 post

153 3104 388 3174 καταδῃιοθεῖσαν
406 3104 519 3159 εἰδείης
531 3104 647 3160 Reiskio
666 3101 815 3168 διαθέντες
829 3105 935 3172 deesse,
953 3105 1177 3175 καταδῃοιθήναι

73 3212 75 3218 .
153 3173 286 3236 ἐάσαντες
303 3177 430 3246 πτωχοὺς
448 3193 471 3230 ο.
487 3175 610 3230 Sintenis
628 3175 690 3231 Em.
709 3176 791 3231 Dion.
806 3176 819 3230 I
834 3182 868 3230 23
937 3181 952 3229 ῖ
973 3172 1034 3228 ὅσοι
1052 3195 1069 3228 κ
1088 3176 1117 3228 οῖ
1135 3173 1177 3228 le-

154 3260 227 3299 cune
247 3251 280 3300 16
298 3246 354 3301 litt.
368 3248 416 3301 LV
436 3245 512 3310 ὅσοις
530 3247 559 3302 Μ
620 3253 652 3302 15
672 3247 778 3302 ἅπασιν
793 3247 815 3302 Ο
836 3247 950 3302 ἅπασαν
963 3245 1060 3300 Neber
1073 3245 1175 3301 Mnem.

154 3321 264 3384 311157
322 3323 353 3372 16
374 3319 562 3393 σημ<εῖα>Ιι
619 3324 651 3373 19
671 3314 746 3373 εἶναι
763 3327 850 3374 πᾶσιν
869 3315 1078 3387 νομιζόντωνΙι
1102 3313 1177 3372 εἶναι

153 3385 402 3530 ἷςρὸζιὲἷῦῗῖττῖοθῖς
421 3399 508 3446 πᾶσιν
526 3390 552 3445 V
574 3385 650 3446 εἷναί
669 3407 748 3459 σφισι
765 3410 827 3460 νομ.
847 3407 869 3444 ο.
889 3390 997 3459 Kayser
1014 3391 1086 3443 Ann.
1105 3389 1174 3458 phil.
