2656 3932
178 209 242 276 140
594 239 628 248 -
665 211 705 262 M
742 237 775 248 -

175 346 325 420 τιωτικῆς
358 333 430 400 οὐδ’
457 335 538 400 ἀλλο
570 345 637 400 τῶν
670 333 859 419 ἀνηκέστων
889 332 998 400 οὐδέν.
1049 333 1199 400 κάκεῖνοι

174 453 278 509 ταῦτα
300 439 580 527 προκαλουμένων
599 441 694 525 ἡμῶν
711 441 925 527 μετριύσουσι
946 441 1003 506 καί
1025 445 1198 526 συγχωρη-

176 567 292 627 σαντες
310 558 350 636 τη
369 551 465 614 πόλει
484 546 561 625 νέας
580 547 682 633 ἀρχὰς
700 546 871 626 ἀποδείξαι
892 549 948 614 καί
969 549 1010 614 τὰ
1033 548 1117 633 πρὸς
1136 549 1199 614 τὸν
1209 565 1285 614 2198

175 659 321 739 πόλεμον
349 655 490 741 εὐτρεπῆ
519 657 738 739 ποιήσασθαι,
766 657 839 721 τότε
865 653 1004 740 ἥξουσιν
1033 656 1198 741 ἱκετηρίας

145 762 336 849 ιφίροντες
372 761 446 828 ἀντί
488 771 556 826 τῶν
592 761 705 827 ὅπλων
740 762 796 827 καὶ
835 761 1076 847 παραδιδόντες
1116 761 1198 844 ἡμῖν

175 869 322 946 ἑαυτούς.

246 974 364 1042 XVIII.
383 968 422 1040 Ὠ
454 979 579 1060 πολλῆς
609 975 671 1058 μὲν
702 975 859 1060 εὐηθείας
890 975 1029 1059 τούτων,
1062 967 1113 1052 οίς
1141 972 1197 1040 ἐπὶ

175 1079 263 1150 νοῦν
292 1080 421 1169 ἔρχεται
452 1090 588 1147 τοιαῦτα
620 1087 745 1168 ληρείν,
780 1086 905 1167 πολλῆς
936 1079 967 1146 δ’
993 1081 1198 1166 ἀναλγησίας

174 1192 278 1276 ἡμῶν,
306 1191 336 1256 εί
363 1198 499 1255 τοιαῦτα
526 1190 694 1272 λεγόντων
716 1188 828 1255 αύτῦυ
851 1189 913 1255 ούκ
934 1187 1196 1273 ἀγανακτοῦμεν,

132 1317 157 1358 ιο
175 1296 247 1364 ἀλλ’
268 1296 477 1380 ὑπομένομεν
504 1295 650 1379 ἀκούειν,
677 1295 788 1382 ὥσπερ
815 1295 900 1381 ὑπὲρ
927 1307 995 1362 τῶν
1018 1299 1196 1380 πολεμίων,

175 1400 247 1471 ἀλλ’
265 1404 327 1489 οὐχ
348 1403 434 1488 ὑπὲρ
456 1403 550 1486 ἡμῶν
574 1401 684 1467 αύτῦν
702 1402 758 1467 καί
779 1412 838 1486 τῆς
860 1403 1019 1488 πατρίδος
1036 1406 1196 1486 βουλευό-

135 1511 277 1595 2μευοι.
327 1511 391 1576 οῦκ
420 1509 604 1592 ἀνελοῦμεν
633 1507 670 1574 ἐκ
698 1508 802 1591 μέσου
831 1513 910 1587 τοὺς
937 1510 1124 1594 φλυύρους;
1154 1511 1195 1576 ού

174 1627 308 1703 ταχείαν
326 1617 545 1702 ψηφιούμεθα
563 1625 603 1702 τη
624 1615 901 1707 ύπονοδευομίνη
923 1618 1015 1704 χώρᾳ
1037 1620 1099 1703 τὴν
1117 1621 1196 1702 βοή-

174 1733 288 1803 θειαν;
318 1724 360 1789 ού
390 1727 640 1806 καῦοπλιοῦμεν
669 1723 801 1788 ἅπασαν
827 1725 889 1808 τὴν
917 1717 1109 1810 ἀκμηντῦς
1136 1728 1196 1791 πό-

131 1853 156 1894 ιι
175 1837 269 1911 λεως;
288 1831 351 1896 ούκ
368 1826 424 1895 ἐπί
439 1829 497 1906 τάς
515 1827 653 1895 ἐκείνων
668 1831 781 1907 πόλεις
797 1829 892 1896 αὐτοί
911 1833 1195 1915 στρατευσόμεθας

175 1937 247 2009 ἀλλ’
269 1937 355 2003 οίκοι
383 1934 539 2018 μένοντες
567 1936 623 2002 καί
651 1945 720 2014 τοίς
749 1935 829 2003 δέκα
858 1937 1111 2022 λοιδορούμενοι
1140 1940 1196 2005 καί

174 2045 252 2122 νίας
283 2045 385 2131 ἀρχὰς
420 2042 639 2121 καθιστάντες
670 2045 725 2110 καί
757 2043 833 2129 περί
864 2045 991 2128 κόσμου
1022 2051 1196 2112 πολιτικοῦ

175 2161 377 2230 σκοποῦντες
404 2151 514 2237 ὥσπερ
542 2148 580 2216 ἐν
608 2151 723 2241 εἰρήνη
751 2147 847 2215 πάντ’
869 2149 1010 2234 ἐάσομεν
1032 2152 1099 2218 ὑπὸ
1126 2164 1196 2230 τοῖς

174 2262 344 2344 πολεμίοις
370 2260 410 2324 τὰ
437 2256 475 2323 ἐν
504 2267 544 2344 τῇ
572 2258 664 2345 χώρη
691 2256 865 2343 γενέσθαι,
894 2259 950 2324 καί
979 2265 1196 2339 τελευτῶντες

130 2388 156 2429 ιο
174 2369 258 2454 ύτιέρ
291 2366 564 2452 ἀνδραποδισμοῦ
596 2364 859 2448 κινδυνεύσομεν
891 2365 948 2432 καί
983 2379 1196 2453 κατασκαφῆς

174 2486 232 2560 τῆς
259 2476 400 2557 πόλεως,
431 2472 503 2557 [ὡς]
531 2469 687 2549 ἐάσαντες
716 2472 776 2537 τὸν
805 2474 951 2555 πόλεμον
978 2483 1048 2551 τοῖς
1074 2476 1196 2560 τείχεσι

134 2582 155 2646 3
174 2585 391 2667 προσελῦείν;
414 2579 476 2646 οὐκ
499 2576 590 2645 ἔστιν
612 2577 835 2662 ὑγιαινόντων
853 2579 1046 2665 ἀνθρώπων
1065 2583 1106 2646 τὰ
1128 2605 1195 2646 τοι-

175 2696 258 2754 κῦτα
281 2686 505 2770 βουλεύματα,
528 2681 554 2751 ὦ
573 2684 725 2770 πατέρες,
748 2686 829 2752 οὐδὲ
847 2689 1007 2772 προνοίας
1025 2693 1280 2773 πολιτικηςεεεε

173 2798 214 2861 τὰ
236 2795 333 2861 κοινὰ
356 2792 570 2878 συμφέροντα
592 2803 660 2857 τῶν
684 2793 780 2858 ἰδίων
798 2792 987 2878 ἀπεχθειῶν
1008 2795 1196 2880 ἡγουμένης

129 2924 155 2965 τι
174 2903 423 2987 ἀναγκαιότερα,
442 2899 526 2966 ἀλλὰ
544 2900 749 2984 φιλονεικίας
767 2899 906 2986 ἀκαίρου
924 2901 980 2967 καί
998 2902 1195 2984 δυσμενείας

174 3010 322 3094 ἀβούλου
354 3008 410 3073 καί
441 3008 578 3092 φθόνου
610 3007 863 3091 κακοδαίμονος,
896 3007 933 3085 ὃς
962 3008 1024 3074 ούκ
1051 3007 1090 3097 ἐᾷ
1115 3013 1195 3087 τοὺς

246 3262 262 3309 5
281 3257 348 3324 ῦμίν
366 3255 414 3309 LV
477 3260 510 3308 13
528 3251 802 3326 ῦκονοῦευομένηΟ
825 3253 1053 3328 προνομευομένη
1072 3255 1195 3326 Sylburg

174 3343 237 3381 mea
263 3325 378 3394 quidem
404 3326 544 3382 sententia
567 3323 639 3379 nihil
662 3324 830 3379 mutandum
851 3329 906 3386 eut:
930 3327 965 3381 cf.
985 3326 1105 3396 Hesych.
1124 3329 1195 3382 ῦπα-

174 3401 323 3452 νοδεῦσαι·
353 3399 530 3464 ῦποφῦείραι
610 3401 643 3450 18
668 3393 736 3467 ῦπδ]
768 3395 813 3449 ἀτί
843 3413 867 3450 ο.
889 3396 976 3452 Cobet
1004 3397 1069 3452 Oba.
1094 3417 1121 3468 p.
1141 3404 1194 3453 206

176 3475 208 3523 21
228 3465 333 3530 πόλεως
352 3469 389 3530 ὡς
407 3467 538 3530 ἐάσαντες
557 3467 579 3523 O
604 3467 641 3530 ὡς
659 3466 713 3521 del.
733 3467 836 3522 Reiuke
