2662 3920
149 206 194 270 54
580 231 613 242 ·-
651 205 666 255 1
701 233 735 240 -

150 325 291 416 τιμωρὸς
321 329 361 394 ού
391 330 519 414 μεμπτὴ
549 329 638 413 παρὰ
667 325 770 411 θεῶν,
802 326 862 394 ἐὰν
893 329 958 413 ἀρα
985 327 1173 411 διαφύγητε

112 440 129 502 ἵ
151 439 212 522 τὴν
239 433 316 522 παρ’
339 435 531 522 ἀνθρώπων
560 437 706 502 κόλασιν.
753 434 825 500 ἀλλ’
847 433 927 500 ούδέ
952 435 1078 518 ταύτην
1101 434 1173 498 δια-

151 542 329 630 φεύξεσθε·
356 543 412 608 καί
438 545 483 627 μη
510 565 550 625 με
573 543 785 608 δεδίττεσθαι
806 542 1011 627 ὑπολάβητε,
1038 537 1110 606 ἀλλ’
1133 535 1268 606 εύεοεο

151 652 231 735 ἴστε,
254 651 305 717 ὅτι
328 652 361 715 οἱ
383 648 662 735 καταλειφθέντες
683 651 778 734 ἡμῶν
799 647 923 716 ἐνθάδε
946 649 1100 733 φύλακες·
1115 657 1173 731 τῆς

120 781 131 819 ε
150 760 291 842 πόλεως,
315 755 374 824 ἐὰν
396 758 532 842 κρείττω
556 759 597 822 τά
619 768 687 823 τῶν
710 755 845 842 ἐχθρῶν
867 755 1018 840 γένηται,
1046 758 1172 839 φρονη-

151 864 270 931 σουσιν
293 864 314 930 ἃ
337 873 505 949 προσῆκεν
527 863 641 941 αύτοίς
665 873 815 950 φρονεῖν.
852 859 893 928 ού
916 864 981 948 γδιρ
1003 862 1068 946 ἤδη
1091 864 1172 946 βαρ-

150 973 266 1059 βάροις
292 970 354 1054 μέν
380 986 469 1036 τισιν
496 969 726 1054 ἁλισκομένοις
751 970 818 1036 ὑπὸ
843 980 911 1036 τῶν
933 971 1103 1052 πολεμίων
1125 969 1172 1046 είς

150 1088 235 1145 νοῦν
261 1075 347 1163 ἦλθε
374 1082 454 1163 μήτε
481 1082 652 1162 γυναικῶν
679 1077 792 1155 αὐτοῖς
823 1087 1061 1164 παραχωρῆσαι
1092 1078 1173 1160 μήτε

150 1187 281 1252 παίδων
303 1189 383 1272 μήτε
405 1187 546 1269 πόλεων,
574 1185 657 1250 ἀλλά
684 1186 742 1261 τὰς
764 1185 826 1267 μέν
848 1182 1027 1270 ἐμπρῆσαι,
1054 1183 1113 1259 τὰς
1135 1181 1173 1247 δὲ

106 1267 371 1396 Ξκατασφύξαι,
407 1290 576 1375 Ῥωμαίοις
617 1290 647 1356 δ’
683 1292 762 1378 ἀρα,
803 1283 854 1369 οἷς
894 1289 1017 1376 ἐτέρων
1058 1291 1173 1375 ύρχειν

150 1401 291 1486 πάτριόν
323 1398 424 1484 ἐστιν,
457 1398 497 1464 ού
528 1403 772 1484 παραστήσεται
803 1407 906 1464 ταῦτα
938 1397 1015 1483 περὶ
1044 1395 1172 1463 ἑαυτῶν

151 1517 306 1594 φρονελν;
333 1503 395 1592 ούχ
419 1505 524 1584 οὕτως
548 1505 698 1590 ἀγεννεῖς
725 1503 874 1589 ἔσονται,
901 1501 973 1570 ἀλλ’
997 1500 1055 1589 ἀφ’
1078 1503 1173 1585 ὑμῶν

150 1625 218 1681 τῶν
254 1613 420 1700 ἐχθίστων
457 1611 634 1698 ἀρξάμενοι
673 1615 747 1680 τότε
788 1616 977 1699 χωρήσουσι
1013 1612 1097 1696 πρὸς
1132 1611 1173 1674 τά

152 1724 255 1807 φίλια.
301 1721 385 1807 πρὸς
413 1728 517 1786 ταῦτα
546 1719 689 1806 ὁρῶντες
716 1718 939 1804 ἐκκλησιάζετε
966 1718 1022 1782 καὶ
1049 1719 1174 1800 νόμους

107 1849 132 1890 ιε
152 1827 321 1914 είσφέρετε
343 1827 489 1904 καινούς.

222 1932 388 2001 XXVIHI.
420 1939 530 2000 Ταῦτα
559 1935 615 2000 καί
644 1935 751 2000 πολλά
779 1934 910 2010 τούτοις
940 1933 1038 2016 ὅμοια
1069 1933 1173 1996 εἰπὼν

150 2044 377 2128 παρεστήσατο
405 2043 484 2118 τοὺς
511 2041 760 2127 πρεσβυτάτους
786 2052 854 2107 τῶν
877 2041 1060 2126 πατρικίων
1082 2039 1174 2104 κλαί-

151 2149 270 2233 οντας,
292 2148 351 2226 οὓς
379 2148 508 2225 ἰδόντες
534 2149 653 2213 πολλοὶ
679 2159 747 2214 τῶν
772 2149 959 2232 δημοτικῶν
982 2142 1056 2211 τύδ’
1080 2145 1174 2210 αύτοί

151 2256 299 2342 κατέχειν
326 2257 366 2321 τά
394 2256 523 2342 δύκρνα
550 2255 722 2322 ἐδύναντο.
772 2254 953 2339 γενομένης
980 2253 1022 2318 δέ
1049 2257 1174 2336 πολλῆς

107 2385 133 2424 εο
152 2365 361 2445 συμπαθείας
384 2366 467 2450 πρός
490 2386 525 2428 τε
547 2365 605 2440 τὰς
627 2363 756 2446 ἡλικίας
776 2373 844 2428 τῶν
862 2361 997 2447 ἀνδρῶν
1014 2361 1070 2426 καί
1090 2361 1173 2446 πρὸς
1182 2376 1257 2427 2066

112 2471 132 2533 2
151 2471 209 2546 τὰς
232 2468 325 2547 ἀξίας
347 2471 466 2556 μικρὸν
489 2467 634 2554 ἐπισχὼν
657 2469 675 2534 ὁ
698 2469 836 2546 ὕπατος·
865 2465 937 2534 Ούκ
959 2468 1173 2552 αἰσχύνεσθε,

152 2573 288 2661 ἔφησεν,
311 2571 337 2641 ὦ
360 2581 507 2659 πολῖται,
535 2573 616 2641 ούδέ
637 2578 720 2641 κατὰ
742 2585 803 2660 γῆς
826 2576 965 2659 δύεσθε,
994 2575 1024 2639 εί
1046 2575 1118 2640 οἵδε
1141 2575 1173 2639 οἱ

152 2683 306 2768 γέροντες
332 2681 418 2767 ὑπὲρ
445 2681 540 2764 ὑμῶν
563 2691 630 2747 τῶν
652 2681 739 2748 νέων
761 2684 802 2747 τὰ
827 2683 913 2748 ὅπλα
935 2681 1173 2767 ἀναληψονται,

153 2789 224 2856 ἀλλ’
245 2789 441 2872 ὑπομενεῖτε
463 2785 712 2874 ἀπολειφθῆναι
734 2790 863 2855 τούτων
884 2788 1092 2874 ἡγουμένων,
1114 2787 1174 2865 οὓς

108 2918 133 2958 οε
153 2897 204 2962 ἀεί
226 2895 369 2983 πατέρας
391 2894 549 2976 ἐκαλεῖτες
573 2891 599 2960 δ)
623 2895 766 2982 σχέτλιοι
787 2897 881 2980 ύμελς
903 2897 959 2962 καὶ
982 2892 1063 2962 ούδέ
1080 2900 1174 2960 πολῖ-

224 3072 363 3140 θταύτην
381 3091 412 3142 γε
432 3071 618 3140 διαφεύξεσθε
637 3073 663 3125 Α
722 3072 863 3146 4ίστ<ε>
883 3071 929 3125 Bb
985 3071 1172 3142 θπροσῆκεν]

152 3143 287 3213 προσήκει
304 3143 391 3198 stulte
409 3142 539 3198 Hertlein
556 3143 673 3198 Hermes
691 3143 717 3196 X
730 3151 784 3199 414
811 3144 815 3217 Ι
843 3145 876 3198 ού
900 3143 954 3213 γδιρ
978 3143 1013 3214 δὴ
1037 3160 1060 3196 ε.
1080 3143 1174 3196 Kiess-

151 3215 213 3284 ling
286 3221 301 3270 7
319 3231 393 3270 τισιν
411 3214 434 3269 Ο
459 3217 552 3270 emto
574 3216 781 3286 typographico
806 3215 883 3284 apud
905 3215 1109 3284 Kiesslingium
1128 3231 1174 3268 ex-

152 3289 211 3340 stat
228 3303 284 3340 τισι
356 3291 371 3340 9
390 3283 509 3358 πόλεων]
528 3289 649 3341 πολιτῶν
667 3288 693 3340 Α
714 3287 792 3410 χτδις
811 3287 842 3341 δὲ
861 3288 886 3340 Α
908 3285 944 3340 τὰ
963 3286 993 3340 δέ
1013 3287 1035 3338 Β
1058 3286 1124 3347 τούς
1143 3285 1173 3339 δέ

153 3375 176 3411 ο.
201 3357 323 3427 Sylburg
402 3363 435 3412 11
462 3366 551 3412 ταῦτα
581 3358 616 3411 cf.
643 3357 713 3412 Gras
735 3373 815 3427 erger
842 3357 918 3412 Τεεε.
944 3357 1060 3425 Herbip.
1089 3374 1116 3424 p.
1140 3362 1173 3410 32

154 3435 188 3483 14
206 3427 326 3497 ὁρῶντες
343 3428 398 3482 del.
411 3427 499 3483 Cobet
512 3427 581 3484 Nov.
597 3429 673 3482 Ιιεοί.
687 3447 714 3497 p.
726 3435 792 3496 2723
811 3427 876 3483 Obs.
891 3446 918 3497 p.
931 3433 983 3482 194
1049 3434 1084 3482 24
1103 3427 1175 3482 ἀπο-

153 3503 301 3571 ληφθῆναι
318 3499 365 3552 Ba
