2668 3922
144 213 209 278 192
563 241 596 250 -
635 215 675 264 IA
712 242 745 250 -

143 338 227 403 ἀλλὰ
255 346 359 402 πᾶσιν
389 337 484 401 άδεια
513 335 627 421 ἐδόθη.
678 337 696 403 ὁ
727 337 765 402 δὲ
791 347 890 404 τοῦτο
918 313 956 404 τὸ
983 342 1166 422 πολίτευμα

143 444 401 528 εἰσηγησάμενος
423 441 467 528 ἦν
488 444 628 530 Μάρκος
647 444 810 522 Δοέλλιος
832 445 850 510 δ
874 446 1040 531 δήμαρχος
1062 445 1167 532 ἄχθο-

142 551 252 633 μένων
274 551 338 635 ἥδη
357 541 427 616 τῶν
443 556 589 616 πολιτῶν
607 551 663 616 καὶ
682 557 801 631 <τῶν>
821 555 988 635 πολεμίων
1005 553 1167 636 γενέσθαι

141 658 416 744 προσδοκώντων.

110 785 122 824 ι
213 743 410 830 XXXXVH.
430 763 522 830 Ἐπεὶ
549 761 580 829 δ’
603 767 638 831 αλ
665 767 747 830 κατδι
771 751 874 831 ’πόλιν
896 763 1085 832 ἐπαύσαντο
1109 789 1166 832 τα-

143 875 255 957 ραχαί,
282 874 529 956 συναγαγόντες
556 874 618 958 την
645 874 774 958 βουλὴν
797 875 857 952 (οἱ
883 873 1030 952 ὕπατοι)
1056 874 1165 958 δόγμα

140 988 305 1063 κυροῦσιν
327 977 457 1063 ἐξάγειν
479 981 539 1046 τὸν
562 981 705 1065 στρατὸν
728 979 783 1046 ἐπὶ
804 983 883 1058 τοὺς
905 982 1085 1062 πολεμίους
1107 981 1164 1046 διδ

141 1085 275 1171 ταχέων.
319 1085 587 1172 ἐπικυρώσαντος
610 1087 648 1152 δὲ
669 1096 730 1152 τοῦ
754 1088 861 1172 δήμου
884 1089 925 1152 τά
947 1087 1164 1180 ψηφισθέντα

140 1192 207 1258 ὑπὸ
236 1199 295 1278 τῆς
324 1197 449 1278 βουλῆς
482 1194 664 1280 Οὐαλέριος
693 1195 755 1277 μέν
785 1195 901 1281 ἅτερος
930 1206 998 1262 τῶν
1027 1195 1164 1261 ὑπάτων

96 1323 121 1362 ιο
139 1303 201 1385 τὴν
223 1301 377 1384 ἡμίσειαν
400 1299 485 1386 έχων
510 1310 570 1366 τοῦ
598 1311 742 1386 στρατοῦ
764 1312 886 1388 μοῖραν
907 1299 1026 1387 ἐξῆγεν
1049 1301 1106 1368 ἐπί
1130 1302 1162 1366 τ’

139 1410 310 1486 Αἰκανοὺς
341 1408 397 1474 καὶ
433 1407 681 1486 Οὐολούσκους·
713 1414 864 1494 συνῆλθε
896 1411 960 1494 γάρ
993 1409 1165 1496 ἀμφότερα

99 1515 120 1579 2
139 1517 179 1580 τά
202 1513 297 1600 ἔθνη.
338 1514 555 1598 ἐπιστάμενος
578 1515 616 1581 δὲ
638 1519 717 1593 τοὺς
738 1517 909 1594 Αἰκανοὺς
932 1514 968 1581 ἐκ
991 1527 1059 1582 τῶν
1082 1538 1164 1602 προ-

139 1622 245 1707 τέρων
276 1622 546 1708 κατορθωμάτων
576 1624 706 1708 αὔχημα
735 1625 1001 1709 προσειληφότας
1029 1624 1085 1689 καὶ
1116 1625 1164 1700 εἰς
1329 1709 1330 1714 ¹

139 1729 267 1812 πολλὴν
302 1731 554 1815 καταφρόνησιν
589 1736 649 1814 τῆς
676 1729 842 1814 Ῥωμαίων
878 1730 1051 1813 δυνάμεως
1082 1748 1248 1816 προ-2278
1329 1717 1330 1724 ¹

96 1856 120 1896 ιι
139 1837 317 1920 ελθόντας,
347 1833 396 1900 ἐτι
425 1840 553 1919 μᾶλλον
580 1835 737 1920 ἐβούλετο
766 1836 885 1923 ἐπᾶραι
911 1837 968 1902 καὶ
996 1837 1163 1924 θρασυτέ-

140 1967 220 2027 ρους
246 1949 383 2028 ποιῆσαι
411 1941 514 2020 δόξαν
542 1943 604 2008 οὐκ
632 1943 744 2028 ἀληθῆ
771 1945 961 2030 παρασχών,
989 1945 1034 2022 ὡς
1057 1945 1162 2030 ὀρρω-

139 2051 208 2115 δῶν
229 2051 277 2127 εἰς
298 2061 411 2136 χεῖρας
436 2049 521 2116 ἰέναι
544 2053 628 2137 πρὸς
651 2052 774 2129 αὐτοὺς
796 2052 851 2117 καὶ
874 2051 982 2116 πάντα
1005 2052 1163 2130 δεδιότος

98 2158 118 2222 3
138 2155 251 2223 ἐποίει.
296 2160 421 2244 χωρίον
443 2180 479 2223 τε
506 2159 570 2244 γάρ
596 2160 643 2236 εἰς
671 2159 929 2245 στρατοπεδείαν
951 2158 1083 2243 ὑψηλὸν
1105 2160 1162 2224 καὶ

57 2319 60 2326 .
138 2265 365 2351 δυσπρόσιτον
383 2262 550 2344 ἐξελέξατο
573 2267 704 2352 τάφρον
721 2289 757 2331 τε
779 2269 925 2348 βαθεῖαν
948 2266 1160 2352 περιεβάλετο

93 2394 119 2433 εο
137 2372 192 2436 καλ
215 2372 359 2456 χάρακας
380 2375 515 2458 ἤγειρεν
537 2372 696 2456 ὑψηλούς.
733 2371 1014 2458 προκαλουμένων
1032 2372 1071 2437 δὲ
1093 2383 1161 2437 τῶν

137 2481 305 2560 πολεμίων
337 2479 440 2545 αὐτὸν
473 2481 521 2556 εἰς
551 2479 660 2564 μάχην
689 2479 847 2556 πολλάκις
875 2479 931 2544 καλ
960 2480 1160 2558 κακιζόντων

210 2625 224 2672 1
248 2620 368 2672 πολιτῶν
392 2617 414 2672 0
440 2622 549 2673 πολλῶν
572 2619 715 2689 Kiessling
739 2619 922 2674 festinantius
946 2622 979 2673 ut
1000 2619 1065 2688 ipso
1088 2619 1161 2674 dixit

137 2695 152 2744 3
176 2689 225 2742 καλ
248 2687 386 2758 πολεμίων
409 2688 544 2758 γενέσθαι
563 2690 585 2744 O
611 2691 660 2744 καλ
683 2699 739 2745 τῶν
761 2689 900 2760 πολεμίων
916 2732 1010 2744 .....
1025 2687 1161 2760 γενέσθαι

136 2777 159 2815 ο.
183 2759 326 2830 Kiessling
353 2759 384 2814 ἐν
408 2759 530 2833 πολεμίῳ
555 2759 690 2831 γενέσθαι
714 2759 785 2834 λόγῳ
812 2779 835 2816 c.
859 2761 1032 2830 Grasberger
1057 2761 1158 2816 Philol.

136 2836 179 2898 28,
199 2837 250 2886 349
279 2832 328 2885 καὶ
354 2839 410 2886 τῶν
437 2829 576 2901 πολεμίων
605 2832 711 2902 ἔφοδον
740 2833 910 2904 γενήσεσθαι
936 2833 1159 2900 προσδοκώντων

133 2903 264 2958 Hertlein
290 2903 408 2957 Hermes
430 2902 456 2955 X
484 2905 574 2972 (1876)
600 2909 651 2958 421
680 2913 736 2959 τῶν
762 2901 901 2974 πολεμίων
929 2903 1002 2976 <τδις
1029 2903 1161 2971 στρατιὰς

134 2971 514 3116 ἱαόὲωζιῗόδὲόάῖόῖἷῗὲἑ
536 2975 1161 3101 (33¹2J*fflffsffi‘ssnssfflffiffl2253?

135 3115 206 3185 μίαν
230 3116 431 3186 supplendum,
449 3117 569 3172 fortasse
587 3064 649 3172 τόδ1
662 3135 726 3172 cum
744 3118 915 3188 Kiesslingio
934 3065 1097 3172 οδδέδδοω
1116 3119 1159 3172 εει

135 3193 151 3240 5
171 3187 243 3241 κατὰ
261 3185 355 3250 πόλεις
372 3188 421 3242 LV
439 3188 512 3242 κατὰ
530 3186 612 3244 πόλιν
630 3189 656 3242 R
676 3189 749 3244 κατὰ
771 3189 822 3260 τὴν
844 3189 927 3246 πόλιν
945 3189 1101 3244 Ambroseh
1120 3189 1159 3242 ad

134 3259 161 3312 11
180 3263 235 3324 9‚1
298 3265 313 3311 6
332 3259 383 3328 τὴν
402 3259 505 3330 βουλὴν
524 3277 577 3315 om.
592 3261 613 3314 L
628 3261 658 3315 in
672 3261 788 3329 lacuna,
807 3261 835 3316 ολ
852 3261 956 3318 θαατοι
974 3261 1038 3315 add.
1053 3260 1159 3316 Reiske

136 3337 170 3384 14
188 3325 330 3398 παρόντας
349 3329 371 3385 0
392 3329 544 3400 προιόντας
561 3333 606 3386 vel
623 3329 817 3401 προελθόντας
835 3333 957 3404 Sylburg
980 3329 1159 3400 ἐπαρθέντας

134 3401 238 3455 Reiske
316 3407 347 3454 17
372 3399 495 3465 δεδιότος
519 3403 541 3458 Ο
568 3402 700 3466 δεδιότας
724 3405 828 3459 Reiske
852 3405 946 3460 πάντα
971 3403 1006 3458 τδι
1032 3400 1160 3465 δεδιότος

134 3471 264 3526 Hertlein
281 3471 440 3537 Hermes-X
454 3480 520 3543 4213
540 3476 575 3531 cf.
596 3474 708 3531 Cassius
726 3476 780 3530 Dio
799 3482 843 3544 42,
858 3483 891 3530 17
