2654 3916
154 209 221 276 280
576 241 609 249 -
647 213 683 263 15
720 241 753 248 -

224 333 296 400 IIII.
325 332 376 422 (8)
397 331 482 419 Ὅτι,
510 336 594 420 φησί
621 336 818 420 Διονύσιος,
844 343 920 418 μιᾶς
948 331 996 400 ἔτι
1022 339 1257 421 μνησθή-εεεε
1312 351 1314 406 1

154 457 253 524 σομαι
281 439 430 526 πράξεως
458 447 628 526 πολιτικῆς
657 440 749 520 ἀξίας
777 442 844 508 ὑπὸ
876 441 1011 508 πάντων
1041 442 1175 529 ἀνθρώ·
1313 441 1314 456 ’

153 569 227 614 πων
255 547 480 634 ἐπαινεῖσθαι,
508 548 541 628 ἐξ
569 546 608 634 ἧς
635 550 822 634 καταφανὲς
850 547 942 616 ἔσται
968 559 1037 627 τοῖς
1057 547 1174 634 Ἕλλη-

154 670 220 738 σιν,
250 655 332 721 ὅσον
361 652 404 740 ἦν
433 657 470 721 τὸ
500 658 729 742 μισοπόνηρον
758 656 796 723 ἐν
824 666 865 743 τῇ
889 655 992 748 Ῥώμη
1019 659 1093 722 τότε
1119 657 1175 722 καί

123 763 191 828 ετὸ
223 764 307 850 πρὸς
338 765 416 841 τοὺς
448 766 716 849 παραβαίνοντας
751 765 792 830 τά
827 764 924 830 κοινά
960 765 1083 847 νόμιμα
1118 773 1176 847 τῆς

114 869 372 955 2ἀνθρωπίνης
413 869 546 956 φύσεως
588 870 785 954 ἀμείλικτον.
851 871 951 948 Γάιος
990 871 1175 956 Λαιτώριος

154 975 292 1063 Μέργος
319 974 493 1062 ἐπίκλησιν
515 975 680 1064 ἐπιφανής
706 979 789 1044 κατὰ
815 977 913 1062 γένος
934 977 991 1044 καί
1013 978 1096 1043 κατὰ
1118 979 1256 1054 τάςεεεῖ

154 1085 332 1167 πολεμικὰς
363 1082 498 1169 πράξεις
527 1084 589 1150 οὐκ
617 1084 773 1170 ἀγεννής,
805 1085 880 1164 ἑνὸς
907 1096 975 1151 τῶν
1001 1083 1176 1168 ταγμάτων
1316 1091 1318 1152 λ

154 1193 323 1277 χιλίαρχος
368 1190 582 1276 ἀποδειχθείς
627 1189 664 1256 ἐν
708 1203 754 1278 τῷ
797 1197 988 1280 Σαυνιτικςῖ
1034 1190 1176 1279 πολέμφ,
1316 1183 1318 1212 ²

111 1317 137 1358 10
154 1299 293 1364 νεανίαν
328 1300 404 1364 τινά
440 1309 508 1363 τών
540 1297 736 1382 ὁμοσκήνων
767 1297 972 1384 διαφέροντα
1002 1299 1065 1383 τήν
1096 1299 1176 1379 ώήιν

155 1401 277 1490 ἑτέρων
313 1404 410 1491 μέχρι
445 1404 507 1489 μέν
543 1427 635 1483 τινος
667 1402 803 1471 ἔπειθεν
835 1403 941 1492 ἑαυτῷ
973 1407 1177 1492 χαρίσασθαι

154 1511 216 1594 τήν
242 1521 303 1576 τοῦ
331 1512 481 1594 σώματος
507 1511 599 1598 ὥραν
626 1510 752 1578 ἑκόντα.
803 1512 848 1589 ὡς
877 1509 908 1577 θ’
930 1513 1008 1578 οὔτε
1038 1513 1178 1598 δωρεαῖς

155 1615 225 1681 οὔτ’
252 1618 335 1707 ἀλλη
368 1620 609 1706 φιλανθρωπίη
638 1620 676 1684 τὸ
703 1619 875 1705 μειράκιον
901 1620 1069 1704 ἡλίσκετο,
1101 1641 1178 1685 κατ-

155 1722 243 1808 έχειν
274 1725 336 1807 τήν
369 1722 554 1808 ἐπιθυμίαν
586 1724 751 1803 ἀδύνατος
782 1727 831 1792 ών
861 1727 940 1809 βίαν
972 1725 1177 1812 προσφέρειν

109 1803 339 1931 Ξέπεβώλετο.
390 1833 591 1916 περιβοήτου
621 1831 659 1897 ἀὲ
688 1843 747 1917 της
776 1832 935 1916 ἀκοσμίας
964 1842 1025 1899 τοῦ
1055 1833 1178 1920 ἀνδρὸς

154 1935 257 2002 ἀπασι
293 1945 363 2014 τοῖς
398 1935 453 2002 ἐπὶ
489 1946 549 2004 τοῦ
586 1938 813 2024 στρατοπέδου
845 1938 1026 2024 γενομένης
1061 1941 1177 2006 κοινὸν

1312 511 1315 659 ί

154 2042 297 2128 ἀδίκημα
333 2053 391 2128 τῆς
426 2046 553 2122 πόλεως
590 2038 676 2111 εἶναι
712 2047 909 2128 νομίσαντες
945 2047 978 2112 ολ
1015 2047 1177 2133 δήμαρχοι

154 2152 289 2236 γραφήν
312 2151 521 2238 ἀποφέρουσι
543 2151 613 2218 κατ’
631 2153 735 2218 αὐτοῦ
760 2153 917 2240 δημοσίᾳ,
944 2153 1000 2218 καί
1027 2153 1045 2219 ὁ
1074 2151 1177 2237 δῆμος

154 2255 295 2335 ἀπώσαις
322 2267 395 2335 ταῖς
420 2262 546 2344 ψήφοις
572 2267 633 2324 τοῦ
661 2258 784 2344 ἀνδρὸς
811 2259 958 2343 κατέγνω
982 2262 1104 2344 τίμημα
1127 2261 1176 2325 θί-

109 2385 135 2426 ιο
153 2387 213 2448 κης
235 2363 351 2449 ὁρίσας
373 2364 535 2449 θάνατον,
563 2365 625 2431 οὐκ
652 2363 754 2444 ἀξιῶν
778 2367 825 2443 είς
852 2364 1015 2453 ἐλεύθερα
1043 2368 1187 2451 σώματα·

153 2469 209 2534 καί
238 2475 513 2556 προπολεμοῦντα
542 2483 600 2557 της
631 2483 699 2538 τῶν
729 2474 841 2538 ἀλλων
871 2471 1064 2560 ἐλευθερίας
1096 2476 1176 2550 τοὺς

154 2574 191 2640 ἐν
220 2585 292 2654 ταῖς
321 2587 429 2660 τιμαῖς
458 2579 557 2656 ὄντας
586 2579 683 2659 (καί)
712 2579 829 2665 ἀρχαῖς
857 2579 1006 2666 ὑβρίζειν
1032 2583 1091 2658 τάς
1117 2581 1175 2647 ἀν-

225 2757 240 2806 ὅ
260 2752 343 2808 κοινὰ
361 2753 410 2808 καλ
429 2751 533 2823 νόμιμα
551 2754 653 2809 Suidas
716 2761 749 2809 16
768 2765 817 2810 τοῦ
837 2773 890 2811 om.
910 2756 1012 2810 fluidas
1072 2761 1106 2810 18
1125 2759 1175 2825 βη-

153 2821 254 2892 μοσίαν
273 2841 296 2879 ο.
311 2825 415 2880 Reiske
476 2825 659 2881 νεουτάτου
678 2826 780 2882 Turon.
796 2844 865 2882 corr.
881 2827 1010 2882 Valesius
1072 2833 1105 2881 22
1124 2827 1174 2882 *ἐν

152 2903 215 2957 ταῖς
237 2894 333 2958 ἄλλαις
356 2895 440 2959 ὄντας
462 2897 562 2967 ἀρχαῖς
584 2897 686 2952 Turon.
711 2897 741 2952 ἐν
764 2907 826 2961 ταῖς
850 2895 1027 2968 στρατηγίαις
1045 2899 1094 2953 καὶ
1112 2907 1175 2962 ταῖς

153 2964 249 3030 ἀλλαις
267 2966 351 3030 ὄντας
369 2967 470 3038 ἀρχαῖς
488 2985 511 3022 ο.
526 2968 629 3023 Reiske
648 2968 679 3024 ἐν
698 2969 830 3040 μεγάλαις
848 2969 932 3033 ὄντας
950 2970 1051 3040 ἀρχαῖς
1067 2987 1090 3025 ο.
1102 2970 1175 3026 Smit

154 3036 218 3092 Obs.
238 3057 265 3108 p.
281 3045 314 3093 61
335 3037 365 3092 ἐν
383 3047 446 3102 ταῖς
463 3047 556 3108 τιμαῖς
574 3038 658 3104 ὄντας
676 3041 725 3095 καλ
745 3042 846 3112 ἀρχαῖς
864 3057 916 3112 ego

198 3197 247 3272 'v'
264 3188 287 3236 6.
312 3179 448 3252 Ῥωμαῖός
465 3201 509 3270 τις
526 3181 612 3245 Γάιος
630 3185 797 3253 Λαιτώριος,
816 3180 933 3239 νεανίαν
951 3183 1089 3239 τινὰτῶν
1108 3183 1174 3254 ὁμο-

153 3268 263 3378 ῗίηίιῗῖ
280 3251 401 3392 ίλξέἷῗζ
416 3251 1174 3397 ίίεῗίίίίίῖῗίιίεἷὴῖιεῖίίιίίμήῖίέιίὲᾝῗ

153 3395 255 3464 βοήτου
272 3403 322 3466 της
339 3393 477 3465 ἀκοσμίας
493 3405 543 3451 τοῦ
562 3393 667 3466 ἀνδρὸς
685 3379 835 3467 γενομένης
849 3396 876 3451 οἱ
891 3397 1030 3468 δήμαρχοι
1043 3367 1172 3454 θάνατον

153 3466 239 3521 αὐτοῦ
259 3466 370 3538 [0on
390 3465 488 3540 αὐτὸν]
508 3465 695 3538 κατέγνωσαν.
728 3469 823 3525 Ambr.
