2662 3920
163 201 205 267 58
592 203 747 251 -1-

162 329 260 410 μίους
290 326 346 392 καί
377 327 484 392 πολλὰ
516 335 574 410 τῆς
605 325 714 411 χώρας
746 325 858 390 αὐτῶν
885 325 1035 403 κακώσας
1062 335 1122 391 τοῦ
1150 350 1190 392 τε

163 437 360 519 Κορβιῶνος
386 434 427 498 τά
454 433 544 518 τείχη
572 431 784 510 κατασπάσας
811 431 867 497 καί
893 433 952 509 τὰς
979 433 1123 517 οἰκήσεις
1149 431 1191 498 ἐκ

163 541 330 622 θεμελίων
353 539 482 604 άνελδιν
505 538 611 624 ἀπῆγε
633 540 696 623 τὴν
718 539 864 621 δύναμιν
887 535 938 604 ἐπ’
956 539 1060 605 οἴκου.

234 645 352 714 XXXI.
389 652 441 732 Τῷ
474 641 505 711 δ’
532 644 607 731 ἑξῆς
638 642 704 711 ἔτει
733 645 879 732 Μάρκου
912 646 1099 732 Οὐαλερίου
1131 647 1190 712 καί

132 755 318 840 εΣπορίον
353 753 554 839 Οὐεργινίου
586 754 649 837 τὴν
680 753 842 818 ὑπατείαν
873 751 1019 838 ἐχόντων
1050 755 1190 839 στρατιά

164 860 225 942 μὲν
250 860 429 945 ὑπερόριος
457 859 596 942 οὐδεμία
623 857 743 944 ἐξῆλθε
766 857 944 944 Ῥωμαίων,
971 861 1123 924 πολιτικὰ
1149 859 1192 926 δέ

163 991 239 1034 τινα
269 967 549 1052 προσκρούσματα
580 977 651 1044 τοῖς
682 967 862 1053 δημάρχοις
888 967 973 1052 πρὸς
999 969 1078 1044 τοὺς
1104 966 1190 1032 ὑπά-

163 1097 244 1152 τους
270 1074 413 1158 συνέστη
440 1073 553 1157 πάλιν,
580 1072 614 1152 ἐξ
643 1068 691 1139 ὑν
714 1070 814 1159 ἔσχον
837 1074 870 1139 οἰ
897 1073 1060 1159 δήμαρχοι
1083 1096 1190 1160 παρα-

165 1181 350 1260 σπάσαντός
376 1204 409 1246 τι
435 1191 493 1266 τῆς
519 1181 681 1266 ὑπατικῆς
705 1182 911 1258 δυναστείας.
956 1181 1016 1246 τὸν
1038 1181 1101 1264 μὲν
1123 1183 1188 1267 γάρ

121 1313 147 1353 ιο
165 1287 356 1375 ἔμπροσθεν
378 1291 503 1375 χρόνον
525 1286 699 1372 ἐκκλησίας
725 1290 832 1370 μόνον
853 1284 940 1371 ἦσαν
966 1288 1000 1352 οἰ
1026 1289 1190 1374 δήμαρχοι

164 1398 289 1482 κύριοι,
316 1397 445 1481 βουλὴν
472 1395 510 1461 δὲ
537 1395 698 1479 συνάγειν
719 1395 740 1479 ἢ
768 1395 905 1478 γνώμην
928 1392 1103 1480 ἀγορεύειν
1126 1396 1272 1461 ούκκοῖκ

165 1503 242 1590 ἐξῆν
274 1504 402 1587 αὐτοῖς,
435 1501 506 1568 ἀλλ’
532 1498 576 1586 ἠν
607 1511 676 1567 τῶν
706 1501 843 1567 ὑπάτοιο
874 1510 974 1567 τοῦτο
1007 1502 1046 1567 τὸ
1080 1501 1188 1588 γέρας.

126 1613 199 1677 2οἰ
230 1611 268 1676 δὲ
299 1613 373 1676 τότε
410 1610 572 1694 δήμαρχοι
608 1620 734 1694 πρῶτοι
770 1613 950 1693 συγκαλεῖν
986 1606 1188 1692 ἐπεβάλοντο

165 1719 227 1802 την
259 1718 387 1802 βουλὴν
414 1715 569 1781 Ἰκιλλίου
601 1717 662 1799 τὴν
694 1725 814 1801 πεῖραν
842 1715 1120 1800 εἰσηγησαμένου,
1152 1715 1190 1793 ὃς

122 1846 147 1886 ιε
165 1825 277 1909 ἡγεῖτο
306 1823 368 1907 μὲν
397 1831 457 1888 τοὺ
485 1821 636 1908 ἀρχείου,
666 1823 865 1908 δραστήριος
892 1820 932 1887 δέ
956 1844 1007 1898 τις
1032 1817 1076 1906 ἦν
1103 1822 1188 1907 ἀνὴρ

165 1931 221 1998 καί
248 1931 293 2009 ὡς
315 1928 471 2014 Ῥωμαῖος
498 1930 605 1994 εἰπεῖν
633 1929 696 1995 οὐκ
723 1928 897 2006 ἀδύνατος.
946 1927 1097 2016 εἰσέφερε
1124 1929 1188 2014 γάρ

166 2061 198 2103 τι
224 2037 280 2105 καί
310 2032 407 2116 οὗτος
436 2039 619 2119 πολίτευμα
647 2037 766 2101 καινὸν
793 2033 895 2113 ἀξιῶν
922 2033 1190 2121 άπομερισθῆναι

166 2155 236 2223 τοῖς
259 2145 415 2230 δημόταις
437 2145 542 2210 τόπον
560 2144 608 2220 εἰς
630 2144 746 2208 οἰκιῶν
764 2144 967 2219 κατασκευάς
988 2145 1049 2209 τὸν
1069 2143 1189 2208 καλού-

167 2277 270 2336 μενον
300 2253 498 2318 Αὐεντῖνον.
555 2247 625 2316 ἔστι
657 2250 695 2316 δὲ
724 2252 833 2335 λόφος
865 2249 993 2333 ὑψηλὸς
1029 2249 1189 2332 ἐπιεικῶς,

124 2379 150 2420 ιο
168 2361 230 2426 οὐκ
257 2358 402 2426 ἐλάττων
428 2358 449 2443 ἢ
477 2358 608 2423 δώδεκα
634 2357 780 2422 σταδίων
807 2357 869 2441 την
894 2359 1104 2443 περίμετρον,
1133 2355 1187 2439 ἐμ

168 2468 400 2552 περιεχόμενος
417 2474 457 2551 τῇ
475 2467 586 2546 πόλει,
609 2463 646 2540 ὃς
669 2463 730 2548 οὑχ
754 2464 839 2541 άπας
861 2466 935 2530 τότε
959 2461 1090 2552 ᾠκεῖτο,
1114 2460 1185 2530 ἀλλ’

129 2569 211 2656 δῆν
238 2572 396 2656 δημόσιός
422 2593 457 2636 τε
486 2571 542 2636 καί
569 2569 651 2654 ὑλης
679 2569 857 2648 ἀνάπλεως.
902 2579 1001 2636 τοῦτο
1028 2572 1066 2636 τὸ
1096 2572 1189 2636 πολί-

169 2702 272 2762 τευμα
299 2678 442 2762 εἰσάγων
469 2676 487 2742 ὑ
516 2678 683 2761 δήμαρχος
709 2687 779 2753 τοῖς
805 2679 880 2743 τότε
907 2677 1045 2764 ὑπάτοις
1071 2679 1127 2744 καί
1149 2687 1188 2762 τῇ

169 2791 275 2874 βουλῇ
293 2784 433 2876 προσῄει
453 2785 610 2867 δεόμενος
632 2785 692 2848 τὸν
710 2780 761 2849 ἐπ’
780 2783 868 2872 αὐτῷ
891 2783 1062 2872 γραφέντα
1085 2787 1190 2868 νόμον

125 2915 151 2955 ιι
169 2893 419 2980 προβουλεῦσαί
443 2914 478 2957 τε
505 2891 561 2958 καί
589 2891 637 2967 εἰς
660 2891 721 2956 τὸν
744 2891 850 2976 δῆμον
873 2889 1066 2976 ἐξενεγκεῖν.
1112 2892 1190 2957 άνα-

242 3022 256 3070 1
285 3014 374 3070 πολλὰ
400 3021 449 3083 της
476 3014 569 3084 χώρας
592 3011 615 3067 0
647 3012 751 3082 πολλὴν
776 3021 825 3083 της
849 3013 942 3083 χώρας
972 3030 995 3067 c.
1019 3011 1190 3083 Grasberger

169 3087 333 3158 Philologus
352 3090 386 3144 28
406 3087 497 3156 (1869)
516 3090 568 3140 347
588 3085 623 3139 ef.
639 3083 752 3140 Observ.
767 3100 845 3138 meas
859 3102 886 3153 p.
903 3089 1018 3154 332seq.
1070 3091 1086 3138 2
1105 3104 1190 3138 κατα-

171 3157 290 3230 σπάσας]
310 3155 497 3226 κατασκάψας
514 3155 587 3210 falso
606 3172 629 3210 σ.
648 3155 745 3210 Naber
763 3155 865 3209 Mnem.
881 3160 923 3223 30,
939 3161 991 3210 264
1064 3161 1080 3208 5
1105 3175 1138 3210 ον
1161 3156 1190 3209 in

171 3227 329 3300 οὐεργικίου
348 3229 413 3284 add.
428 3227 475 3282 Bb
548 3233 646 3290 ῖ,τικα
665 3227 730 3282 add.
745 3227 768 3280 Β
791 3227 794 3300 ί
814 3227 1048 3298 προσκρούσματα
1064 3228 1087 3280 Β
1105 3243 1191 3295 προσ-

171 3302 315 3370 κρούματα
337 3301 363 3354 R
389 3299 424 3356 of.
448 3297 561 3354 Lobeck
586 3299 623 3352 ad
648 3299 728 3352 Aiac.
754 3316 781 3367 p.
802 3297 873 3352 269⁸
945 3303 961 3352 8
987 3298 1016 3364 ἐξ
1042 3293 1082 3353 ὧν
1106 3295 1190 3352 πλέον

172 3373 253 3443 ἔσχον
286 3389 308 3427 ο.
334 3371 439 3428 Reiske
467 3370 544 3440 quod
573 3369 761 3439 Kiesslingius
791 3369 863 3423 falso
891 3368 922 3424 in
948 3371 1058 3423 textum
1084 3370 1191 3437 recepit

173 3449 207 3498 10
226 3442 368 3513 ἔμπροσθε
387 3442 433 3496 Ba
507 3446 540 3498 13
558 3440 705 3508 πρῶτοιΟ
780 3445 813 3493 16
833 3440 870 3502 ’ὡς
888 3455 941 3493 om.
961 3441 987 3493 A
1017 3440 1020 3510 Ι
1046 3437 1191 3508 Ῥωμαίοις

173 3515 249 3569 ΑΒε
321 3520 354 3568 21
373 3511 510 3587 ηἰκεῖτοΒ
534 3509 622 3586 ᾤκητο
641 3511 667 3564 R
740 3516 774 3564 24
793 3509 823 3564 ἰν
843 3510 918 3582 αὐτῷ
934 3509 957 3564 0
975 3511 1129 3578 μεεείεεΒ
