<?xml version="1.0" encoding="UTF-8"?>
<!DOCTYPE html PUBLIC "-//W3C//DTD XHTML 1.0 Transitional//EN"
    "http://www.w3.org/TR/xhtml1/DTD/xhtml1-transitional.dtd">
<html xmlns="http://www.w3.org/1999/xhtml" xml:lang="en" lang="en">
 <head>
  <title>
</title>
<meta http-equiv="Content-Type" content="text/html;charset=utf-8" />
  <meta name='ocr-system' content='tesseract 3.04.00' />
  <meta name='ocr-capabilities' content='ocr_page ocr_carea ocr_par ocr_line ocrx_word'/>
</head>
<body>
  <div class='ocr_page' id='page_1' title='image "./dionysihalicarn06diongoog_0024.png"; bbox 0 0 2662 3920; ppageno 0'>
   <div class='ocr_carea' id='block_1_1' title="bbox 160 164 746 227">
    <p class='ocr_par' dir='ltr' id='par_1_1' title="bbox 160 164 746 227">
     <span class='ocr_line' id='line_1_1' title="bbox 160 164 746 227; baseline -0.015 0"><span class='ocrx_word' id='word_1_1' title='bbox 160 164 179 227; x_wconf 87' lang='lat'>8</span> <span class='ocrx_word' id='word_1_2' title='bbox 591 168 746 218; x_wconf 84' lang='grc' dir='ltr'><strong><em>-ι-</em></strong></span> 
     </span>
    </p>
   </div>
   <div class='ocr_carea' id='block_1_2' title="bbox 112 288 1297 2840">
    <p class='ocr_par' dir='ltr' id='par_1_2' title="bbox 112 288 1297 2840">
     <span class='ocr_line' id='line_1_2' title="bbox 230 288 1185 378; baseline 0.004 -23"><span class='ocrx_word' id='word_1_3' title='bbox 230 293 270 355; x_wconf 90' lang='lat' dir='ltr'><strong><em>V.</em></strong></span> <span class='ocrx_word' id='word_1_4' title='bbox 298 288 332 353; x_wconf 89' lang='grc' dir='ltr'><em>Ὁ</em></span> <span class='ocrx_word' id='word_1_5' title='bbox 356 289 393 354; x_wconf 80' lang='grc' dir='ltr'><strong><em>δὲ</em></strong></span> <span class='ocrx_word' id='word_1_6' title='bbox 417 291 591 366; x_wconf 76' lang='grc' dir='ltr'><strong><em>πλείστους</em></strong></span> <span class='ocrx_word' id='word_1_7' title='bbox 621 312 656 355; x_wconf 90' lang='grc' dir='ltr'><strong><em>τε</em></strong></span> <span class='ocrx_word' id='word_1_8' title='bbox 685 291 762 375; x_wconf 81' lang='grc' dir='ltr'><strong><em>περί</em></strong></span> <span class='ocrx_word' id='word_1_9' title='bbox 789 291 893 357; x_wconf 86' lang='grc' dir='ltr'><strong><em>αὑτὸν</em></strong></span> <span class='ocrx_word' id='word_1_10' title='bbox 920 289 1005 377; x_wconf 82' lang='grc' dir='ltr'><strong><em>ἔχων</em></strong></span> <span class='ocrx_word' id='word_1_11' title='bbox 1028 291 1185 378; x_wconf 85' lang='grc' dir='ltr'><strong><em>ἑταίρους</em></strong></span> 
     </span>
     <span class='ocr_line' id='line_1_3' title="bbox 159 397 1184 482; baseline 0.002 -17"><span class='ocrx_word' id='word_1_12' title='bbox 159 400 214 465; x_wconf 82' lang='grc' dir='ltr'><strong><em>καί</em></strong></span> <span class='ocrx_word' id='word_1_13' title='bbox 254 397 410 482; x_wconf 82' lang='grc' dir='ltr'><strong><em>μέγιστον</em></strong></span> <span class='ocrx_word' id='word_1_14' title='bbox 451 408 519 463; x_wconf 81' lang='grc' dir='ltr'><strong><em>τῶν</em></strong></span> <span class='ocrx_word' id='word_1_15' title='bbox 563 399 637 461; x_wconf 90' lang='grc' dir='ltr'><strong><em>τότε</em></strong></span> <span class='ocrx_word' id='word_1_16' title='bbox 683 397 769 463; x_wconf 82' lang='grc' dir='ltr'><strong><em>νέων</em></strong></span> <span class='ocrx_word' id='word_1_17' title='bbox 810 399 995 481; x_wconf 86' lang='grc' dir='ltr'><strong><em>δυνάμενος</em></strong></span> <span class='ocrx_word' id='word_1_18' title='bbox 1041 403 1184 466; x_wconf 83' lang='grc' dir='ltr'><strong><em>Καίσων</em></strong></span> 
     </span>
     <span class='ocr_line' id='line_1_4' title="bbox 159 500 1278 590; baseline 0.004 -18"><span class='ocrx_word' id='word_1_19' title='bbox 159 509 316 582; x_wconf 88' lang='grc' dir='ltr'><strong><em>Κοίντιος</em></strong></span> <span class='ocrx_word' id='word_1_20' title='bbox 344 500 398 588; x_wconf 71' lang='grc' dir='ltr'><strong><em>ἦν,</em></strong></span> <span class='ocrx_word' id='word_1_21' title='bbox 428 505 502 580; x_wconf 85' lang='grc' dir='ltr'><strong><em>υλδς</em></strong></span> <span class='ocrx_word' id='word_1_22' title='bbox 524 506 670 570; x_wconf 78' lang='grc' dir='ltr'><strong><em>Λευκίου</em></strong></span> <span class='ocrx_word' id='word_1_23' title='bbox 694 508 855 572; x_wconf 74' lang='grc' dir='ltr'><strong><em>Κοιντίου</em></strong></span> <span class='ocrx_word' id='word_1_24' title='bbox 883 516 943 572; x_wconf 83' lang='grc' dir='ltr'><strong><em>τοῦ</em></strong></span> <span class='ocrx_word' id='word_1_25' title='bbox 971 508 1183 590; x_wconf 85' lang='grc' dir='ltr'><strong><em>καλουμένου</em></strong></span> <span class='ocrx_word' id='word_1_26' title='bbox 1195 528 1278 576; x_wconf 85' lang='lat'>1993</span> 
     </span>
     <span class='ocr_line' id='line_1_5' title="bbox 159 603 1297 698; baseline 0.001 -18"><span class='ocrx_word' id='word_1_27' title='bbox 159 613 375 695; x_wconf 87' lang='grc' dir='ltr'><strong><em>Κικιννάτου,</em></strong></span> <span class='ocrx_word' id='word_1_28' title='bbox 400 603 427 698; x_wconf 78' lang='grc' dir='ltr'><em>ᾦ</em></span> <span class='ocrx_word' id='word_1_29' title='bbox 449 610 547 695; x_wconf 83' lang='grc' dir='ltr'><strong><em>γένος</em></strong></span> <span class='ocrx_word' id='word_1_30' title='bbox 569 608 598 675; x_wconf 89' lang='grc' dir='ltr'><strong><em>τ’</em></strong></span> <span class='ocrx_word' id='word_1_31' title='bbox 620 608 663 695; x_wconf 78' lang='grc' dir='ltr'><strong><em>ἡν</em></strong></span> <span class='ocrx_word' id='word_1_32' title='bbox 686 609 846 697; x_wconf 74' lang='grc' dir='ltr'><strong><em>ἐπιφανὲς</em></strong></span> <span class='ocrx_word' id='word_1_33' title='bbox 868 613 923 678; x_wconf 83' lang='grc' dir='ltr'><strong><em>καί</em></strong></span> <span class='ocrx_word' id='word_1_34' title='bbox 943 615 1018 696; x_wconf 81' lang='grc' dir='ltr'><strong><em>βίος</em></strong></span> <span class='ocrx_word' id='word_1_35' title='bbox 1036 615 1182 693; x_wconf 87' lang='grc' dir='ltr'><strong><em>οὐθενὸς</em></strong></span> <span class='ocrx_word' id='word_1_36' title='bbox 1293 681 1297 692; x_wconf 81' lang='grc'><strong><em>,</em></strong></span> 
     </span>
     <span class='ocr_line' id='line_1_6' title="bbox 128 718 1183 805; baseline 0.001 -18"><span class='ocrx_word' id='word_1_37' title='bbox 128 721 328 805; x_wconf 83' lang='grc' dir='ltr'><strong><em>ιδεύτερος,</em></strong></span> <span class='ocrx_word' id='word_1_38' title='bbox 361 718 446 804; x_wconf 78' lang='grc' dir='ltr'><strong><em>ἀνὴρ</em></strong></span> <span class='ocrx_word' id='word_1_39' title='bbox 479 719 634 803; x_wconf 73' lang='grc' dir='ltr'><strong><em>ὀφθῆναί</em></strong></span> <span class='ocrx_word' id='word_1_40' title='bbox 663 741 697 782; x_wconf 83' lang='grc' dir='ltr'><strong><em>τε</em></strong></span> <span class='ocrx_word' id='word_1_41' title='bbox 730 718 904 796; x_wconf 86' lang='grc' dir='ltr'><strong><em>κάλλιστος</em></strong></span> <span class='ocrx_word' id='word_1_42' title='bbox 934 719 1022 786; x_wconf 78' lang='grc' dir='ltr'><strong><em>νέων</em></strong></span> <span class='ocrx_word' id='word_1_43' title='bbox 1047 723 1108 788; x_wconf 83' lang='grc' dir='ltr'><strong><em>’καί</em></strong></span> <span class='ocrx_word' id='word_1_44' title='bbox 1139 725 1183 788; x_wconf 84' lang='grc' dir='ltr'><strong><em>τὰ</em></strong></span> 
     </span>
     <span class='ocr_line' id='line_1_7' title="bbox 158 826 1182 914; baseline 0.001 -20"><span class='ocrx_word' id='word_1_45' title='bbox 158 829 298 911; x_wconf 82' lang='grc' dir='ltr'><strong><em>πολέμια</em></strong></span> <span class='ocrx_word' id='word_1_46' title='bbox 329 826 464 891; x_wconf 90' lang='grc' dir='ltr'><strong><em>πάντων</em></strong></span> <span class='ocrx_word' id='word_1_47' title='bbox 497 827 724 909; x_wconf 89' lang='grc' dir='ltr'><strong><em>λαμπρότατος</em></strong></span> <span class='ocrx_word' id='word_1_48' title='bbox 756 826 858 911; x_wconf 75' lang='grc' dir='ltr'><strong><em>φύσει</em></strong></span> <span class='ocrx_word' id='word_1_49' title='bbox 888 850 923 892; x_wconf 89' lang='grc' dir='ltr'><strong><em>τε</em></strong></span> <span class='ocrx_word' id='word_1_50' title='bbox 953 829 1029 914; x_wconf 81' lang='grc' dir='ltr'><strong><em>περί</em></strong></span> <span class='ocrx_word' id='word_1_51' title='bbox 1059 830 1182 912; x_wconf 87' lang='grc' dir='ltr'><strong><em>λόγους</em></strong></span> 
     </span>
     <span class='ocr_line' id='line_1_8' title="bbox 158 931 1182 1023; baseline 0.001 -23"><span class='ocrx_word' id='word_1_52' title='bbox 158 933 357 1020; x_wconf 79' lang='grc' dir='ltr'><strong><em>κεχρημένος</em></strong></span> <span class='ocrx_word' id='word_1_53' title='bbox 384 932 509 1018; x_wconf 75' lang='grc' dir='ltr'><strong><em>ἀγωθη·</em></strong></span> <span class='ocrx_word' id='word_1_54' title='bbox 542 931 579 1009; x_wconf 84' lang='grc' dir='ltr'><strong><em>ὃς</em></strong></span> <span class='ocrx_word' id='word_1_55' title='bbox 605 931 642 998; x_wconf 81' lang='grc' dir='ltr'><strong><em>ἐν</em></strong></span> <span class='ocrx_word' id='word_1_56' title='bbox 665 943 710 1020; x_wconf 78' lang='grc' dir='ltr'><strong><em>τῷ</em></strong></span> <span class='ocrx_word' id='word_1_57' title='bbox 733 935 807 998; x_wconf 87' lang='grc' dir='ltr'><strong><em>τότε</em></strong></span> <span class='ocrx_word' id='word_1_58' title='bbox 830 937 939 1023; x_wconf 79' lang='grc' dir='ltr'><strong><em>χρόνῳ</em></strong></span> <span class='ocrx_word' id='word_1_59' title='bbox 962 938 1068 1014; x_wconf 83' lang='grc' dir='ltr'><strong><em>πολύς</em></strong></span> <span class='ocrx_word' id='word_1_60' title='bbox 1091 933 1182 1022; x_wconf 76' lang='grc' dir='ltr'><strong><em>ἔρρει</em></strong></span> 
     </span>
     <span class='ocr_line' id='line_1_9' title="bbox 157 1036 1180 1126; baseline 0.001 -19"><span class='ocrx_word' id='word_1_61' title='bbox 157 1043 240 1107; x_wconf 81' lang='grc' dir='ltr'><strong><em>κατὰ</em></strong></span> <span class='ocrx_word' id='word_1_62' title='bbox 262 1051 331 1107; x_wconf 79' lang='grc' dir='ltr'><strong><em>τῶν</em></strong></span> <span class='ocrx_word' id='word_1_63' title='bbox 353 1041 540 1124; x_wconf 78' lang='grc' dir='ltr'><strong><em>δημοτικῶν</em></strong></span> <span class='ocrx_word' id='word_1_64' title='bbox 564 1039 641 1104; x_wconf 84' lang='grc' dir='ltr'><strong><em>ούτε</em></strong></span> <span class='ocrx_word' id='word_1_65' title='bbox 665 1042 775 1122; x_wconf 92' lang='grc' dir='ltr'><strong><em>λόγων</em></strong></span> <span class='ocrx_word' id='word_1_66' title='bbox 795 1041 1007 1126; x_wconf 76' lang='grc' dir='ltr'><strong><em>φειδόμενος,</em></strong></span> <span class='ocrx_word' id='word_1_67' title='bbox 1025 1036 1074 1107; x_wconf 79' lang='grc' dir='ltr'><strong><em>ὧν</em></strong></span> <span class='ocrx_word' id='word_1_68' title='bbox 1092 1046 1180 1126; x_wconf 82' lang='grc' dir='ltr'><strong><em>βαρὺ</em></strong></span> 
     </span>
     <span class='ocr_line' id='line_1_10' title="bbox 157 1143 1181 1233; baseline 0.001 -19"><span class='ocrx_word' id='word_1_69' title='bbox 157 1159 226 1226; x_wconf 75' lang='grc' dir='ltr'><strong><em>τοῖς</em></strong></span> <span class='ocrx_word' id='word_1_70' title='bbox 257 1147 448 1233; x_wconf 78' lang='grc' dir='ltr'><strong><em>ἐλευθέροις</em></strong></span> <span class='ocrx_word' id='word_1_71' title='bbox 478 1146 624 1229; x_wconf 75' lang='grc' dir='ltr'><strong><em>ἀκούειν,</em></strong></span> <span class='ocrx_word' id='word_1_72' title='bbox 652 1143 722 1211; x_wconf 80' lang='grc' dir='ltr'><strong><em>οὔτ’</em></strong></span> <span class='ocrx_word' id='word_1_73' title='bbox 750 1144 858 1232; x_wconf 81' lang='grc' dir='ltr'><strong><em>ἔργων</em></strong></span> <span class='ocrx_word' id='word_1_74' title='bbox 885 1147 1084 1216; x_wconf 89' lang='grc' dir='ltr'><strong><em>ἀκολούθων</em></strong></span> <span class='ocrx_word' id='word_1_75' title='bbox 1111 1160 1181 1227; x_wconf 78' lang='grc' dir='ltr'><strong><em>τοῖς</em></strong></span> 
     </span>
     <span class='ocr_line' id='line_1_11' title="bbox 113 1248 1181 1341; baseline -0.001 -18"><span class='ocrx_word' id='word_1_76' title='bbox 113 1284 139 1323; x_wconf 86' lang='lat'><strong><em>10</em></strong></span> <span class='ocrx_word' id='word_1_77' title='bbox 158 1259 270 1341; x_wconf 77' lang='grc' dir='ltr'><strong><em>λόγοις</em></strong></span> <span class='ocrx_word' id='word_1_78' title='bbox 293 1252 504 1341; x_wconf 79' lang='grc' dir='ltr'><strong><em>ἀπεχόμενος.</em></strong></span> <span class='ocrx_word' id='word_1_79' title='bbox 542 1254 575 1318; x_wconf 82' lang='grc' dir='ltr'><strong><em>ολ</em></strong></span> <span class='ocrx_word' id='word_1_80' title='bbox 597 1253 659 1335; x_wconf 71' lang='grc' dir='ltr'><strong><em>μὲν</em></strong></span> <span class='ocrx_word' id='word_1_81' title='bbox 681 1248 745 1319; x_wconf 85' lang='grc' dir='ltr'><strong><em>οὖν</em></strong></span> <span class='ocrx_word' id='word_1_82' title='bbox 765 1258 932 1340; x_wconf 82' lang='grc' dir='ltr'><strong><em>πατρίκιοι</em></strong></span> <span class='ocrx_word' id='word_1_83' title='bbox 950 1257 1060 1339; x_wconf 90' lang='grc' dir='ltr'><strong><em>τίμιον</em></strong></span> <span class='ocrx_word' id='word_1_84' title='bbox 1079 1256 1181 1322; x_wconf 85' lang='grc' dir='ltr'><strong><em>αὐτὸν</em></strong></span> 
     </span>
     <span class='ocr_line' id='line_1_12' title="bbox 158 1355 1180 1448; baseline 0 -19"><span class='ocrx_word' id='word_1_85' title='bbox 158 1362 212 1429; x_wconf 82' lang='grc' dir='ltr'><strong><em>ἐπὶ</em></strong></span> <span class='ocrx_word' id='word_1_86' title='bbox 244 1363 373 1438; x_wconf 81' lang='grc' dir='ltr'><strong><em>τούτοις</em></strong></span> <span class='ocrx_word' id='word_1_87' title='bbox 406 1355 497 1446; x_wconf 79' lang='grc' dir='ltr'><strong><em>εἶχον</em></strong></span> <span class='ocrx_word' id='word_1_88' title='bbox 527 1361 583 1426; x_wconf 79' lang='grc' dir='ltr'><strong><em>καὶ</em></strong></span> <span class='ocrx_word' id='word_1_89' title='bbox 613 1360 726 1444; x_wconf 84' lang='grc' dir='ltr'><strong><em>μένειν</em></strong></span> <span class='ocrx_word' id='word_1_90' title='bbox 757 1363 847 1448; x_wconf 83' lang='grc' dir='ltr'><strong><em>παρά</em></strong></span> <span class='ocrx_word' id='word_1_91' title='bbox 873 1364 914 1428; x_wconf 83' lang='grc' dir='ltr'><strong><em>τά</em></strong></span> <span class='ocrx_word' id='word_1_92' title='bbox 942 1363 1036 1428; x_wconf 84' lang='grc' dir='ltr'><strong><em>δεινὰ</em></strong></span> <span class='ocrx_word' id='word_1_93' title='bbox 1062 1361 1180 1447; x_wconf 76' lang='grc' dir='ltr'><strong><em>ἠξίουν</em></strong></span> 
     </span>
     <span class='ocr_line' id='line_1_13' title="bbox 158 1465 1180 1554; baseline -0.001 -18"><span class='ocrx_word' id='word_1_94' title='bbox 158 1471 253 1536; x_wconf 88' lang='grc' dir='ltr'><strong><em>αύτολ</em></strong></span> <span class='ocrx_word' id='word_1_95' title='bbox 277 1477 460 1554; x_wconf 80' lang='grc' dir='ltr'><strong><em>παρασχεῖν</em></strong></span> <span class='ocrx_word' id='word_1_96' title='bbox 483 1469 520 1534; x_wconf 89' lang='grc' dir='ltr'><strong><em>τὸ</em></strong></span> <span class='ocrx_word' id='word_1_97' title='bbox 545 1465 692 1552; x_wconf 78' lang='grc' dir='ltr'><strong><em>ἀσφαλὲς</em></strong></span> <span class='ocrx_word' id='word_1_98' title='bbox 719 1467 993 1553; x_wconf 80' lang='grc' dir='ltr'><strong><em>ὑπισχνούμενοι·</em></strong></span> <span class='ocrx_word' id='word_1_99' title='bbox 1030 1471 1063 1535; x_wconf 83' lang='grc' dir='ltr'><strong><em>ολ</em></strong></span> <span class='ocrx_word' id='word_1_100' title='bbox 1086 1470 1117 1534; x_wconf 93' lang='grc' dir='ltr'><strong><em>δ’</em></strong></span> <span class='ocrx_word' id='word_1_101' title='bbox 1144 1470 1180 1536; x_wconf 78' lang='grc' dir='ltr'><strong><em>ἐκ</em></strong></span> 
     </span>
     <span class='ocr_line' id='line_1_14' title="bbox 157 1573 1180 1662; baseline -0.001 -19"><span class='ocrx_word' id='word_1_102' title='bbox 157 1588 217 1643; x_wconf 82' lang='grc' dir='ltr'><strong><em>τοῦ</em></strong></span> <span class='ocrx_word' id='word_1_103' title='bbox 245 1579 352 1662; x_wconf 80' lang='grc' dir='ltr'><strong><em>δήμου</em></strong></span> <span class='ocrx_word' id='word_1_104' title='bbox 379 1575 514 1640; x_wconf 90' lang='grc' dir='ltr'><strong><em>πάντων</em></strong></span> <span class='ocrx_word' id='word_1_105' title='bbox 541 1575 582 1658; x_wconf 80' lang='grc' dir='ltr'><strong><em>δη</em></strong></span> <span class='ocrx_word' id='word_1_106' title='bbox 606 1575 747 1657; x_wconf 90' lang='grc' dir='ltr'><strong><em>μάλιστα</em></strong></span> <span class='ocrx_word' id='word_1_107' title='bbox 770 1575 873 1641; x_wconf 91' lang='grc' dir='ltr'><strong><em>αύτὸν</em></strong></span> <span class='ocrx_word' id='word_1_108' title='bbox 896 1573 1089 1662; x_wconf 83' lang='grc' dir='ltr'><strong><em>ἀνθρώπων</em></strong></span> <span class='ocrx_word' id='word_1_109' title='bbox 1111 1577 1180 1661; x_wconf 77' lang='grc' dir='ltr'><strong><em>ἐμί-</em></strong></span> 
     </span>
     <span class='ocr_line' id='line_1_15' title="bbox 118 1678 1179 1770; baseline -0.004 -16"><span class='ocrx_word' id='word_1_110' title='bbox 118 1690 251 1754; x_wconf 67' lang='grc' dir='ltr'><strong><em>ἒίσουν.</em></strong></span> <span class='ocrx_word' id='word_1_111' title='bbox 287 1692 408 1748; x_wconf 84' lang='grc' dir='ltr'><strong><em>τοῦτον</em></strong></span> <span class='ocrx_word' id='word_1_112' title='bbox 431 1683 492 1746; x_wconf 89' lang='grc' dir='ltr'><strong><em>τὸν</em></strong></span> <span class='ocrx_word' id='word_1_113' title='bbox 515 1681 622 1766; x_wconf 86' lang='grc' dir='ltr'><strong><em>ἀνδρα</em></strong></span> <span class='ocrx_word' id='word_1_114' title='bbox 645 1678 796 1765; x_wconf 78' lang='grc' dir='ltr'><strong><em>ἔγνωσαν</em></strong></span> <span class='ocrx_word' id='word_1_115' title='bbox 815 1684 848 1747; x_wconf 79' lang='grc' dir='ltr'><strong><em>ολ</em></strong></span> <span class='ocrx_word' id='word_1_116' title='bbox 866 1683 1028 1769; x_wconf 81' lang='grc' dir='ltr'><strong><em>δημαρχυι</em></strong></span> <span class='ocrx_word' id='word_1_117' title='bbox 1046 1695 1179 1770; x_wconf 77' lang='grc' dir='ltr'><strong><em>πρῶτον</em></strong></span> 
     </span>
     <span class='ocr_line' id='line_1_16' title="bbox 113 1787 1180 1873; baseline 0 -17"><span class='ocrx_word' id='word_1_118' title='bbox 113 1817 138 1857; x_wconf 74' lang='grc' dir='ltr'><strong><em>ιι</em></strong></span> <span class='ocrx_word' id='word_1_119' title='bbox 157 1793 308 1859; x_wconf 80' lang='grc' dir='ltr'><strong><em>ἐκποδὼν</em></strong></span> <span class='ocrx_word' id='word_1_120' title='bbox 331 1793 551 1873; x_wconf 78' lang='grc' dir='ltr'><strong><em>ποιήσασθαι,</em></strong></span> <span class='ocrx_word' id='word_1_121' title='bbox 575 1789 620 1864; x_wconf 83' lang='grc' dir='ltr'><strong><em>ὡς</em></strong></span> <span class='ocrx_word' id='word_1_122' title='bbox 642 1787 923 1873; x_wconf 81' lang='grc' dir='ltr'><strong><em>καταπληξόμενοι</em></strong></span> <span class='ocrx_word' id='word_1_123' title='bbox 945 1793 1024 1868; x_wconf 87' lang='grc' dir='ltr'><strong><em>τοὺς</em></strong></span> <span class='ocrx_word' id='word_1_124' title='bbox 1043 1795 1180 1869; x_wconf 86' lang='grc' dir='ltr'><strong><em>λοιποὺς</em></strong></span> 
     </span>
     <span class='ocr_line' id='line_1_17' title="bbox 157 1895 1179 1982; baseline -0.002 -16"><span class='ocrx_word' id='word_1_125' title='bbox 157 1912 224 1966; x_wconf 81' lang='grc' dir='ltr'><strong><em>τῶν</em></strong></span> <span class='ocrx_word' id='word_1_126' title='bbox 251 1898 338 1964; x_wconf 85' lang='grc' dir='ltr'><strong><em>νέων</em></strong></span> <span class='ocrx_word' id='word_1_127' title='bbox 366 1897 421 1962; x_wconf 78' lang='grc' dir='ltr'><strong><em>καί</em></strong></span> <span class='ocrx_word' id='word_1_128' title='bbox 444 1895 775 1981; x_wconf 77' lang='grc' dir='ltr'><strong><em>προσαναγκάσοντες</em></strong></span> <span class='ocrx_word' id='word_1_129' title='bbox 798 1907 997 1982; x_wconf 80' lang='grc' dir='ltr'><strong><em>σωφρονεῖν.</em></strong></span> <span class='ocrx_word' id='word_1_130' title='bbox 1042 1901 1179 1982; x_wconf 88' lang='grc' dir='ltr'><strong><em>γνόντες</em></strong></span> 
     </span>
     <span class='ocr_line' id='line_1_18' title="bbox 157 2001 1180 2090; baseline -0.001 -18"><span class='ocrx_word' id='word_1_131' title='bbox 157 2007 195 2072; x_wconf 74' lang='grc' dir='ltr'><strong><em>δὲ</em></strong></span> <span class='ocrx_word' id='word_1_132' title='bbox 217 2015 321 2071; x_wconf 85' lang='grc' dir='ltr'><strong><em>ταῦτα</em></strong></span> <span class='ocrx_word' id='word_1_133' title='bbox 343 2005 399 2070; x_wconf 79' lang='grc' dir='ltr'><strong><em>καί</em></strong></span> <span class='ocrx_word' id='word_1_134' title='bbox 422 2001 752 2088; x_wconf 78' lang='grc' dir='ltr'><strong><em>παρασκευασάμενοι</em></strong></span> <span class='ocrx_word' id='word_1_135' title='bbox 778 2005 899 2086; x_wconf 89' lang='grc' dir='ltr'><strong><em>λόγους</em></strong></span> <span class='ocrx_word' id='word_1_136' title='bbox 920 2027 956 2068; x_wconf 91' lang='grc' dir='ltr'><strong><em>τε</em></strong></span> <span class='ocrx_word' id='word_1_137' title='bbox 978 2005 1035 2070; x_wconf 83' lang='grc' dir='ltr'><strong><em>καλ</em></strong></span> <span class='ocrx_word' id='word_1_138' title='bbox 1057 2005 1180 2090; x_wconf 89' lang='grc' dir='ltr'><strong><em>μάρτυ-</em></strong></span> 
     </span>
     <span class='ocr_line' id='line_1_19' title="bbox 159 2108 1179 2200; baseline -0.003 -20"><span class='ocrx_word' id='word_1_139' title='bbox 159 2139 217 2200; x_wconf 89' lang='grc' dir='ltr'><strong><em>ρας</em></strong></span> <span class='ocrx_word' id='word_1_140' title='bbox 247 2115 392 2188; x_wconf 89' lang='grc' dir='ltr'><strong><em>πολλοὺς</em></strong></span> <span class='ocrx_word' id='word_1_141' title='bbox 422 2109 615 2192; x_wconf 78' lang='grc' dir='ltr'><strong><em>εἰσάγουσιν</em></strong></span> <span class='ocrx_word' id='word_1_142' title='bbox 643 2109 746 2174; x_wconf 84' lang='grc' dir='ltr'><strong><em>αὐτὸν</em></strong></span> <span class='ocrx_word' id='word_1_143' title='bbox 769 2109 835 2175; x_wconf 85' lang='grc' dir='ltr'><strong><em>ὑπὸ</em></strong></span> <span class='ocrx_word' id='word_1_144' title='bbox 859 2111 957 2194; x_wconf 92' lang='grc' dir='ltr'><strong><em>δίκην</em></strong></span> <span class='ocrx_word' id='word_1_145' title='bbox 980 2108 1179 2195; x_wconf 72' lang='grc' dir='ltr'><strong><em>ἀδικήματος</em></strong></span> 
     </span>
     <span class='ocr_line' id='line_1_20' title="bbox 158 2217 1179 2306; baseline -0.003 -20"><span class='ocrx_word' id='word_1_146' title='bbox 158 2223 335 2306; x_wconf 91' lang='grc' dir='ltr'><strong><em>δημοσίου,</em></strong></span> <span class='ocrx_word' id='word_1_147' title='bbox 367 2218 520 2286; x_wconf 89' lang='grc' dir='ltr'><strong><em>θανάτου</em></strong></span> <span class='ocrx_word' id='word_1_148' title='bbox 552 2217 768 2301; x_wconf 78' lang='grc' dir='ltr'><strong><em>τιμησάμενοι</em></strong></span> <span class='ocrx_word' id='word_1_149' title='bbox 800 2219 861 2302; x_wconf 82' lang='grc' dir='ltr'><strong><em>την</em></strong></span> <span class='ocrx_word' id='word_1_150' title='bbox 894 2218 999 2302; x_wconf 90' lang='grc' dir='ltr'><strong><em>δίκην.</em></strong></span> <span class='ocrx_word' id='word_1_151' title='bbox 1053 2239 1179 2303; x_wconf 89' lang='grc' dir='ltr'><strong><em>παραγ-</em></strong></span> 
     </span>
     <span class='ocr_line' id='line_1_21' title="bbox 112 2323 1178 2412; baseline 0 -22"><span class='ocrx_word' id='word_1_152' title='bbox 112 2351 138 2390; x_wconf 80' lang='grc' dir='ltr'><strong><em>εο</em></strong></span> <span class='ocrx_word' id='word_1_153' title='bbox 157 2332 326 2412; x_wconf 87' lang='grc' dir='ltr'><strong><em>γείλαντες</em></strong></span> <span class='ocrx_word' id='word_1_154' title='bbox 355 2325 385 2390; x_wconf 88' lang='grc' dir='ltr'><strong><em>δ’</em></strong></span> <span class='ocrx_word' id='word_1_155' title='bbox 415 2325 503 2410; x_wconf 78' lang='grc' dir='ltr'><strong><em>αύτῷ</em></strong></span> <span class='ocrx_word' id='word_1_156' title='bbox 534 2334 689 2409; x_wconf 74' lang='grc' dir='ltr'><strong><em>παρεῖναι</em></strong></span> <span class='ocrx_word' id='word_1_157' title='bbox 718 2325 802 2411; x_wconf 89' lang='grc' dir='ltr'><strong><em>πρὸς</em></strong></span> <span class='ocrx_word' id='word_1_158' title='bbox 831 2325 891 2389; x_wconf 90' lang='grc' dir='ltr'><strong><em>τὸν</em></strong></span> <span class='ocrx_word' id='word_1_159' title='bbox 920 2325 1037 2409; x_wconf 77' lang='grc' dir='ltr'><strong><em>δῆμον,</em></strong></span> <span class='ocrx_word' id='word_1_160' title='bbox 1065 2323 1178 2410; x_wconf 80' lang='grc' dir='ltr'><strong><em>ἐπειδη</em></strong></span> 
     </span>
     <span class='ocr_line' id='line_1_22' title="bbox 157 2428 1178 2521; baseline -0.004 -21"><span class='ocrx_word' id='word_1_161' title='bbox 157 2441 305 2518; x_wconf 77' lang='grc' dir='ltr'><strong><em>καθῆκεν</em></strong></span> <span class='ocrx_word' id='word_1_162' title='bbox 329 2432 346 2497; x_wconf 92' lang='grc' dir='ltr'>ὁ</span> <span class='ocrx_word' id='word_1_163' title='bbox 371 2435 505 2517; x_wconf 83' lang='grc' dir='ltr'><strong><em>χρόνος,</em></strong></span> <span class='ocrx_word' id='word_1_164' title='bbox 535 2431 576 2496; x_wconf 84' lang='grc' dir='ltr'><strong><em>ὃν</em></strong></span> <span class='ocrx_word' id='word_1_165' title='bbox 606 2428 723 2510; x_wconf 76' lang='grc' dir='ltr'><strong><em>ἔταξαν</em></strong></span> <span class='ocrx_word' id='word_1_166' title='bbox 750 2440 790 2516; x_wconf 75' lang='grc' dir='ltr'><strong><em>τῇ</em></strong></span> <span class='ocrx_word' id='word_1_167' title='bbox 807 2431 909 2521; x_wconf 85' lang='grc' dir='ltr'><strong><em>δίκη,</em></strong></span> <span class='ocrx_word' id='word_1_168' title='bbox 933 2433 1178 2516; x_wconf 84' lang='grc' dir='ltr'><strong><em>συναγαγόντες</em></strong></span> 
     </span>
     <span class='ocr_line' id='line_1_23' title="bbox 157 2537 1259 2626; baseline -0.001 -19"><span class='ocrx_word' id='word_1_169' title='bbox 157 2541 334 2626; x_wconf 81' lang='grc' dir='ltr'><strong><em>ἐκκλησίαν</em></strong></span> <span class='ocrx_word' id='word_1_170' title='bbox 357 2542 503 2624; x_wconf 89' lang='grc' dir='ltr'><strong><em>μακροὺς</em></strong></span> <span class='ocrx_word' id='word_1_171' title='bbox 526 2537 723 2622; x_wconf 76' lang='grc' dir='ltr'><strong><em>ἐποιήσαντο</em></strong></span> <span class='ocrx_word' id='word_1_172' title='bbox 748 2537 820 2603; x_wconf 90' lang='grc' dir='ltr'><strong><em>κατ’</em></strong></span> <span class='ocrx_word' id='word_1_173' title='bbox 842 2538 946 2604; x_wconf 85' lang='grc' dir='ltr'><strong><em>αὐτοῦ</em></strong></span> <span class='ocrx_word' id='word_1_174' title='bbox 971 2541 1106 2623; x_wconf 89' lang='grc' dir='ltr'><strong><em>λόγους,</em></strong></span> <span class='ocrx_word' id='word_1_175' title='bbox 1129 2538 1178 2602; x_wconf 89' lang='grc' dir='ltr'><strong><em>δι·</em></strong></span> <span class='ocrx_word' id='word_1_176' title='bbox 1189 2556 1259 2606; x_wconf 79' lang='lat'>1994</span> 
     </span>
     <span class='ocr_line' id='line_1_24' title="bbox 157 2643 1178 2732; baseline -0.005 -17"><span class='ocrx_word' id='word_1_177' title='bbox 157 2649 298 2727; x_wconf 83' lang='grc' dir='ltr'><strong><em>εξιόντες</em></strong></span> <span class='ocrx_word' id='word_1_178' title='bbox 330 2648 392 2713; x_wconf 82' lang='grc' dir='ltr'><strong><em>ὅσα</em></strong></span> <span class='ocrx_word' id='word_1_179' title='bbox 424 2648 482 2732; x_wconf 78' lang='grc' dir='ltr'><strong><em>βίᾳ</em></strong></span> <span class='ocrx_word' id='word_1_180' title='bbox 514 2644 799 2729; x_wconf 87' lang='grc' dir='ltr'><strong><em>διαπεπραγμένος</em></strong></span> <span class='ocrx_word' id='word_1_181' title='bbox 827 2643 1008 2731; x_wconf 86' lang='grc' dir='ltr'><strong><em>ἐτύγχανεν</em></strong></span> <span class='ocrx_word' id='word_1_182' title='bbox 1031 2647 1078 2722; x_wconf 87' lang='grc' dir='ltr'><strong><em>είς</em></strong></span> <span class='ocrx_word' id='word_1_183' title='bbox 1101 2648 1178 2722; x_wconf 89' lang='grc' dir='ltr'><strong><em>τοὺς</em></strong></span> 
     </span>
     <span class='ocr_line' id='line_1_25' title="bbox 157 2749 1178 2840; baseline -0.004 -18"><span class='ocrx_word' id='word_1_184' title='bbox 157 2758 315 2840; x_wconf 90' lang='grc' dir='ltr'><strong><em>δημότας,</em></strong></span> <span class='ocrx_word' id='word_1_185' title='bbox 345 2749 393 2818; x_wconf 85' lang='grc' dir='ltr'><strong><em>ὧν</em></strong></span> <span class='ocrx_word' id='word_1_186' title='bbox 424 2756 503 2830; x_wconf 88' lang='grc' dir='ltr'><strong><em>τούς</em></strong></span> <span class='ocrx_word' id='word_1_187' title='bbox 532 2754 744 2830; x_wconf 79' lang='grc' dir='ltr'><strong><em>πεπονθότας</em></strong></span> <span class='ocrx_word' id='word_1_188' title='bbox 775 2751 897 2830; x_wconf 87' lang='grc' dir='ltr'><strong><em>αὐτοὺς</em></strong></span> <span class='ocrx_word' id='word_1_189' title='bbox 923 2763 1075 2838; x_wconf 78' lang='grc' dir='ltr'><strong><em>παρῆγον</em></strong></span> <span class='ocrx_word' id='word_1_190' title='bbox 1098 2753 1178 2834; x_wconf 90' lang='grc' dir='ltr'><strong><em>μάρ-</em></strong></span> 
     </span>
    </p>
   </div>
   <div class='ocr_carea' id='block_1_3' title="bbox 112 2847 1177 3163">
    <p class='ocr_par' dir='ltr' id='par_1_3' title="bbox 112 2847 1177 3163">
     <span class='ocr_line' id='line_1_26' title="bbox 116 2847 1177 2949; baseline -0.005 -20"><span class='ocrx_word' id='word_1_191' title='bbox 116 2847 266 2949; x_wconf 79' lang='grc' dir='ltr'><strong><em>3τυρας.</em></strong></span> <span class='ocrx_word' id='word_1_192' title='bbox 322 2861 366 2939; x_wconf 81' lang='grc' dir='ltr'><strong><em>ὡς</em></strong></span> <span class='ocrx_word' id='word_1_193' title='bbox 399 2861 437 2925; x_wconf 79' lang='grc' dir='ltr'><strong><em>δὲ</em></strong></span> <span class='ocrx_word' id='word_1_194' title='bbox 469 2859 666 2943; x_wconf 82' lang='grc' dir='ltr'><strong><em>παρέδωκαν</em></strong></span> <span class='ocrx_word' id='word_1_195' title='bbox 697 2861 757 2924; x_wconf 88' lang='grc' dir='ltr'><strong><em>τὸν</em></strong></span> <span class='ocrx_word' id='word_1_196' title='bbox 790 2861 902 2943; x_wconf 91' lang='grc' dir='ltr'><strong><em>λόγον,</em></strong></span> <span class='ocrx_word' id='word_1_197' title='bbox 935 2859 1016 2924; x_wconf 86' lang='grc' dir='ltr'><strong><em>αὐτὸ</em></strong></span> <span class='ocrx_word' id='word_1_198' title='bbox 1048 2859 1109 2942; x_wconf 71' lang='grc' dir='ltr'><strong><em>μὲν</em></strong></span> <span class='ocrx_word' id='word_1_199' title='bbox 1140 2861 1177 2924; x_wconf 88' lang='grc' dir='ltr'><strong><em>τὸ</em></strong></span> 
     </span>
     <span class='ocr_line' id='line_1_27' title="bbox 112 2935 1177 3054; baseline -0.006 -18"><span class='ocrx_word' id='word_1_200' title='bbox 112 2935 137 2974; x_wconf 57' lang='lat'><strong><em>²⁵</em></strong></span> <span class='ocrx_word' id='word_1_201' title='bbox 157 2970 328 3054; x_wconf 87' lang='grc' dir='ltr'><strong><em>μειράκιον</em></strong></span> <span class='ocrx_word' id='word_1_202' title='bbox 352 2969 413 3052; x_wconf 90' lang='grc' dir='ltr'><strong><em>ούχ</em></strong></span> <span class='ocrx_word' id='word_1_203' title='bbox 436 2967 584 3051; x_wconf 76' lang='grc' dir='ltr'><strong><em>ὑπήκουε</em></strong></span> <span class='ocrx_word' id='word_1_204' title='bbox 605 2966 812 3048; x_wconf 90' lang='grc' dir='ltr'><strong><em>καλούμενον</em></strong></span> <span class='ocrx_word' id='word_1_205' title='bbox 831 2965 886 3032; x_wconf 78' lang='grc' dir='ltr'><strong><em>ἐπὶ</em></strong></span> <span class='ocrx_word' id='word_1_206' title='bbox 903 2965 1177 3051; x_wconf 82' lang='grc' dir='ltr'><strong><em>τηνάπολογίαν,</em></strong></span> 
     </span>
     <span class='ocr_line' id='line_1_28' title="bbox 158 3067 1177 3163; baseline -0.006 -20"><span class='ocrx_word' id='word_1_207' title='bbox 158 3075 229 3143; x_wconf 82' lang='grc' dir='ltr'><strong><em>ἀλλ’</em></strong></span> <span class='ocrx_word' id='word_1_208' title='bbox 257 3075 351 3160; x_wconf 74' lang='grc' dir='ltr'><strong><em>ἠξίου</em></strong></span> <span class='ocrx_word' id='word_1_209' title='bbox 375 3084 444 3151; x_wconf 85' lang='grc' dir='ltr'><strong><em>τοῖς</em></strong></span> <span class='ocrx_word' id='word_1_210' title='bbox 469 3074 615 3150; x_wconf 80' lang='grc' dir='ltr'><strong><em>ἰδιώταις</em></strong></span> <span class='ocrx_word' id='word_1_211' title='bbox 638 3073 751 3150; x_wconf 81' lang='grc' dir='ltr'><strong><em>αὐτοῖς</em></strong></span> <span class='ocrx_word' id='word_1_212' title='bbox 773 3073 858 3158; x_wconf 79' lang='grc' dir='ltr'><strong><em>ὑπὲρ</em></strong></span> <span class='ocrx_word' id='word_1_213' title='bbox 882 3067 930 3138; x_wconf 83' lang='grc' dir='ltr'><strong><em>ὧν</em></strong></span> <span class='ocrx_word' id='word_1_214' title='bbox 952 3070 1093 3163; x_wconf 76' lang='grc' dir='ltr'><strong><em>ᾐτιῶντο</em></strong></span> <span class='ocrx_word' id='word_1_215' title='bbox 1117 3094 1177 3136; x_wconf 92' lang='grc' dir='ltr'><strong><em>πα-</em></strong></span> 
     </span>
    </p>
   </div>
   <div class='ocr_carea' id='block_1_4' title="bbox 73 3192 1177 3537">
    <p class='ocr_par' dir='ltr' id='par_1_4' title="bbox 157 3192 1177 3537">
     <span class='ocr_line' id='line_1_29' title="bbox 230 3192 1175 3268; baseline -0.004 -16"><span class='ocrx_word' id='word_1_216' title='bbox 230 3197 352 3252; x_wconf 77' lang='grc' dir='ltr'><strong><em>1δοαι.</em></strong></span> <span class='ocrx_word' id='word_1_217' title='bbox 371 3197 418 3250; x_wconf 75' lang='lat' dir='ltr'><strong><em>Ba</em></strong></span> <span class='ocrx_word' id='word_1_218' title='bbox 448 3197 451 3268; x_wconf 71' lang='grc' dir='ltr'><strong><em>λ</em></strong></span> <span class='ocrx_word' id='word_1_219' title='bbox 482 3193 568 3251; x_wconf 86' lang='grc' dir='ltr'><strong><em>αύτὸν</em></strong></span> <span class='ocrx_word' id='word_1_220' title='bbox 588 3195 610 3250; x_wconf 91' lang='grc' dir='ltr'><strong>Ο</strong></span> <span class='ocrx_word' id='word_1_221' title='bbox 631 3213 699 3249; x_wconf 84' lang='lat' dir='ltr'>corr.</span> <span class='ocrx_word' id='word_1_222' title='bbox 719 3195 862 3265; x_wconf 80' lang='lat' dir='ltr'><strong>Kiessling</strong></span> <span class='ocrx_word' id='word_1_223' title='bbox 935 3196 1045 3267; x_wconf 72' lang='grc' dir='ltr'><strong><em>ὅπερλ]</em></strong></span> <span class='ocrx_word' id='word_1_224' title='bbox 1065 3192 1136 3262; x_wconf 86' lang='grc' dir='ltr'><strong><em>πρὸς</em></strong></span> <span class='ocrx_word' id='word_1_225' title='bbox 1154 3212 1175 3248; x_wconf 84' lang='grc' dir='ltr'><strong><em>ο.</em></strong></span> 
     </span>
     <span class='ocr_line' id='line_1_30' title="bbox 157 3263 1177 3340; baseline -0.004 -16"><span class='ocrx_word' id='word_1_226' title='bbox 157 3271 260 3324; x_wconf 80' lang='lat' dir='ltr'>Reiske</span> <span class='ocrx_word' id='word_1_227' title='bbox 334 3276 366 3323; x_wconf 86' lang='lat'><strong><em>11</em></strong></span> <span class='ocrx_word' id='word_1_228' title='bbox 393 3264 482 3340; x_wconf 78' lang='grc' dir='ltr'><strong><em>εἶχον]</em></strong></span> <span class='ocrx_word' id='word_1_229' title='bbox 508 3263 577 3337; x_wconf 80' lang='grc' dir='ltr'><strong><em>ἦγον</em></strong></span> <span class='ocrx_word' id='word_1_230' title='bbox 604 3283 626 3320; x_wconf 84' lang='lat' dir='ltr'><strong><em>c.</em></strong></span> <span class='ocrx_word' id='word_1_231' title='bbox 649 3265 737 3320; x_wconf 78' lang='lat' dir='ltr'>Cobet</span> <span class='ocrx_word' id='word_1_232' title='bbox 760 3265 825 3320; x_wconf 80' lang='lat' dir='ltr'>Obs.</span> <span class='ocrx_word' id='word_1_233' title='bbox 848 3284 876 3334; x_wconf 89' lang='lat' dir='ltr'><strong><em>p.</em></strong></span> <span class='ocrx_word' id='word_1_234' title='bbox 898 3271 947 3320; x_wconf 74' lang='lat'><strong><em>187</em></strong></span> <span class='ocrx_word' id='word_1_235' title='bbox 973 3265 1065 3336; x_wconf 78' lang='grc' dir='ltr'><strong><em>τίμιον</em></strong></span> <span class='ocrx_word' id='word_1_236' title='bbox 1091 3264 1177 3320; x_wconf 85' lang='grc' dir='ltr'><strong><em>αύτὸυ</em></strong></span> 
     </span>
     <span class='ocr_line' id='line_1_31' title="bbox 158 3335 1174 3412; baseline -0.004 -16"><span class='ocrx_word' id='word_1_237' title='bbox 158 3337 234 3412; x_wconf 79' lang='grc' dir='ltr'><strong><em>εἶχον</em></strong></span> <span class='ocrx_word' id='word_1_238' title='bbox 257 3341 306 3394; x_wconf 82' lang='grc' dir='ltr'><strong><em>καὶ</em></strong></span> <span class='ocrx_word' id='word_1_239' title='bbox 330 3339 376 3394; x_wconf 76' lang='grc' dir='ltr'><strong><em>ἐπὶ</em></strong></span> <span class='ocrx_word' id='word_1_240' title='bbox 398 3340 507 3400; x_wconf 87' lang='grc' dir='ltr'><strong><em>τούτοις</em></strong></span> <span class='ocrx_word' id='word_1_241' title='bbox 530 3335 624 3407; x_wconf 82' lang='grc' dir='ltr'><strong><em>μένειν</em></strong></span> <span class='ocrx_word' id='word_1_242' title='bbox 643 3337 750 3391; x_wconf 78' lang='lat' dir='ltr'><strong>Grimm</strong></span> <span class='ocrx_word' id='word_1_243' title='bbox 824 3344 857 3390; x_wconf 77' lang='lat'><strong><em>12</em></strong></span> <span class='ocrx_word' id='word_1_244' title='bbox 877 3338 957 3391; x_wconf 85' lang='grc' dir='ltr'><strong><em>αύτολ</em></strong></span> <span class='ocrx_word' id='word_1_245' title='bbox 976 3338 999 3390; x_wconf 96' lang='grc' dir='ltr'>Β</span> <span class='ocrx_word' id='word_1_246' title='bbox 1022 3335 1108 3392; x_wconf 86' lang='grc' dir='ltr'><strong><em>αύτδν</em></strong></span> <span class='ocrx_word' id='word_1_247' title='bbox 1127 3339 1152 3391; x_wconf 88' lang='lat' dir='ltr'>R</span> <span class='ocrx_word' id='word_1_248' title='bbox 1173 3341 1174 3397; x_wconf 72' lang='grc' dir='ltr'><strong><em>λ</em></strong></span> 
     </span>
     <span class='ocr_line' id='line_1_32' title="bbox 158 3407 1177 3537; baseline -0.004 -71"><span class='ocrx_word' id='word_1_249' title='bbox 158 3407 517 3537; x_wconf 43' lang='grc' dir='ltr'><strong><em>χαίοἷξχεῑνχαόιαχιέξανδα</em></strong></span> <span class='ocrx_word' id='word_1_250' title='bbox 534 3408 622 3532; x_wconf 48' lang='lat' dir='ltr'><strong><em>Cgh?</em></strong></span> <span class='ocrx_word' id='word_1_251' title='bbox 635 3408 654 3462; x_wconf 91' lang='grc'><strong><em>1.</em></strong></span> <span class='ocrx_word' id='word_1_252' title='bbox 667 3407 897 3532; x_wconf 32' lang='grc' dir='ltr'><strong><em>ἕπταχασχήσειν</em></strong></span> <span class='ocrx_word' id='word_1_253' title='bbox 915 3407 1045 3462; x_wconf 78' lang='grc' dir='ltr'><strong><em>Ηειιλείω</em></strong></span> <span class='ocrx_word' id='word_1_254' title='bbox 1061 3407 1177 3464; x_wconf 78' lang='lat' dir='ltr'><strong>Hermes</strong></span> 
     </span>
    </p>

    <p class='ocr_par' dir='ltr' id='par_1_5' title="bbox 73 3497 724 3534">
     <span class='ocr_line' id='line_1_33' title="bbox 73 3497 724 3534; baseline -0.011 3"><span class='ocrx_word' id='word_1_255' title='bbox 73 3522 76 3526; x_wconf 90' lang='lat'>-</span> <span class='ocrx_word' id='word_1_256' title='bbox 396 3502 412 3534; x_wconf 90' lang='grc' dir='ltr'><strong><em>κ</em></strong></span> <span class='ocrx_word' id='word_1_257' title='bbox 431 3500 468 3534; x_wconf 89' lang='grc' dir='ltr'><strong><em>πο</em></strong></span> <span class='ocrx_word' id='word_1_258' title='bbox 488 3500 527 3534; x_wconf 91' lang='grc' dir='ltr'><strong><em>ων</em></strong></span> <span class='ocrx_word' id='word_1_259' title='bbox 610 3497 664 3532; x_wconf 91' lang='grc' dir='ltr'><strong><em>κπο</em></strong></span> <span class='ocrx_word' id='word_1_260' title='bbox 685 3498 724 3531; x_wconf 90' lang='grc' dir='ltr'><strong><em>ων</em></strong></span> 
     </span>
    </p>
   </div>
   <div class='ocr_carea' id='block_1_5' title="bbox 0 0 1336 3920">
    <p class='ocr_par' dir='ltr' id='par_1_6' title="bbox 0 0 1336 3920">
     <span class='ocr_line' id='line_1_34' title="bbox 0 0 1336 3920; baseline 0 2"><span class='ocrx_word' id='word_1_261' title='bbox 0 0 1336 3920; x_wconf 95' lang='lat' dir='ltr'><strong><em> </em></strong></span> 
     </span>
    </p>
   </div>
  </div>
 </body>
</html>
