2654 3916
159 224 226 290 304
575 250 609 258 -
646 222 692 274 18
730 249 764 257 -

159 351 293 435 εἰρήνης
316 347 370 414 ίδι
391 344 461 430 μετ’
479 345 560 429 ἐμοῦ
583 346 774 429 σύμβουλός
795 368 831 410 τε
850 343 1006 410 ἀπάντων
1024 341 1208 426 ἐσόμενοςἱ

159 456 232 540 ἐμοί
263 455 319 521 καί
350 453 599 539 ὑποστράτηγος
634 453 691 518 καί
726 461 784 536 τῆς
820 455 992 535 βασιλικῆς
1027 451 1183 535 εὐτυχίας

158 563 303 649 μέτοχος.
340 560 415 645 ἐμοί
430 584 467 626 τε
484 562 549 645 γάρ
568 558 692 646 ἀνδρὸς
711 560 845 644 ἀγαθοῦ
863 559 919 624 καί
937 566 1056 623 πιστοῦ
1078 558 1182 641 φίλου

160 672 226 754 δελ,
254 672 311 736 σοί
334 691 370 736 τε
396 671 555 755 χορηγίας
581 671 754 752 βασιλικῆς
780 666 837 732 καί
863 665 1066 752 πραγμάτων
1088 667 1183 747 βασι-

128 783 274 844 ιλικῦν·
303 775 362 842 ἐὰν
390 777 431 861 δι)
459 774 711 859 συνενέγκωμεν
737 769 829 840 ταῦτ’
848 774 896 850 είς
922 774 960 838 τὸ
988 773 1115 855 κοινόν,
1141 771 1183 835 τὰ

159 884 297 970 μέγιστα
314 892 382 948 τῶν
400 879 542 967 ἀγαθῶν
560 879 636 968 παρ’
654 881 806 966 ἀλλήλων
825 879 1042 963 ἀποισόμεθα
1078 879 1181 946 Vrsioz.

231 989 302 1057 XV.
333 987 403 1077 (18,
429 986 486 1076 11)
516 988 743 1072 Παυσαμένου
773 985 804 1053 δ’
829 988 934 1053 αὐτοῦ
963 987 1084 1072 μικρὸν
1113 983 1183 1051 ἐπι-

161 1098 250 1183 σχὼν
278 1096 296 1163 ὁ
328 1098 508 1184 Φαβρίκιος
540 1090 623 1162 εἶπε·
657 1096 745 1182 Περί
773 1095 835 1178 μὲν
861 1104 920 1179 τῆς
947 1090 1080 1180 ἀρετῆς,
1111 1091 1184 1176 ἥτις

161 1203 232 1272 ἐστί
254 1203 331 1290 περὶ
352 1205 437 1289 ἡμᾶς
458 1203 479 1289 ἢ
502 1205 586 1270 κατὰ
606 1205 666 1280 τὰς
688 1204 803 1280 κοινὰς
825 1199 959 1288 πράξεις
980 1199 1001 1286 ἢ
1022 1200 1105 1268 κατὰ
1122 1199 1183 1264 τὸν

117 1331 143 1372 ιο
161 1311 250 1378 ίδιον
272 1313 361 1396 βίον,
388 1311 490 1377 οὐδὲν
513 1309 570 1394 ἐμὲ
596 1311 649 1376 δεί
675 1308 727 1376 ἐπ’
748 1307 893 1392 ἐμαυτοῦ
921 1306 1041 1392 λέγειν,
1069 1304 1268 1389 ἐπειδηνειο

161 1417 307 1486 πέποται
335 1414 413 1504 παρ’
438 1416 572 1504 ἑτέρων·
603 1417 686 1482 οὐδέ
712 1440 751 1501 γε
778 1416 855 1502 περὶ
883 1425 941 1500 τῆς
971 1416 1102 1498 πενίας,
1132 1413 1184 1478 ὅτι

161 1549 218 1609 μοι
246 1525 367 1610 γήδιον
395 1527 515 1610 μικρόν
544 1523 615 1590 ἐστι
643 1525 762 1607 κομιδῆ
792 1523 849 1589 καί
878 1527 1011 1607 φαῦλον
1040 1520 1183 1586 οἰκίδιον
1319 1548 1323 1591 ;;

163 1632 220 1698 καί
257 1632 327 1696 οὔτ’
359 1630 424 1696 ἀπὸ
461 1631 689 1714 δανεισμάτων
725 1631 798 1696 οὔτ’
824 1625 880 1696 ἀπ’
908 1625 1131 1714 ἀνδραπόδων
1164 1623 1183 1690 ὁ

161 1739 247 1821 βίος·
271 1739 380 1828 φαίνη
407 1739 471 1822 γὰρ
497 1738 553 1802 καὶ
579 1738 708 1803 τούτων
731 1739 876 1822 ἀκριβῶς
903 1732 1080 1820 ἀκηκοέναι
1101 1728 1179 1817 παρ’

117 1817 143 1946 12⁵
162 1842 293 1931 ἑτέρων.
338 1841 413 1931 (12)
436 1844 523 1929 Περὶ
550 1844 588 1910 δὲ
614 1853 675 1910 τοῦ
702 1844 819 1910 κάκιόν
841 1866 882 1926 με
901 1841 1067 1925 Ῥωμαίων
1091 1841 1184 1918 τινὸς

162 1951 319 2038 πράττειν
356 1947 400 2018 δι’
432 1949 576 2036 ἀπορίαν
615 1951 671 2017 καί
710 1951 816 2036 μηδὲν
856 1944 946 2016 είναί
983 1972 1040 2032 μοι
1080 1946 1184 2013 πλέον

163 2058 322 2126 ἀσκοῦντι
347 2060 609 2142 καλοκαγαθίαν,
638 2057 689 2124 ὅτι
717 2068 785 2125 τῶν
815 2057 987 2122 πλουσίων
1017 2055 1079 2121 οὐκ
1106 2055 1184 2138 εἰμί,

162 2177 271 2244 κακῶς
301 2166 503 2252 ὑπείληφας,
536 2163 593 2230 εἶτ’
621 2161 766 2242 ἀκούσας
798 2165 889 2242 τινὸς
920 2159 979 2228 εἴτ’
1006 2162 1107 2240 αὐτὸς
1139 2163 1184 2226 εί-

162 2274 279 2354 κιίζων.
328 2272 401 2357 ἐμοὶ
428 2275 492 2360 γὰρ
521 2273 661 2354 οὐδεμία
687 2271 819 2336 πώποτε
848 2271 1105 2353 κακοδαιμονίας
1134 2268 1184 2334 αί-

119 2399 145 2440 2⁰
164 2387 285 2466 σθησις
315 2383 406 2467 παρὰ
437 2382 474 2446 τὸ
506 2381 551 2465 μα)
583 2381 690 2445 πολλὰ
721 2385 902 2464 κεκτῆσθαι
935 2377 1075 2462 γέγονεν
1106 2371 1180 2442 οὐδ’

164 2485 266 2572 ἔστιν,
293 2487 366 2553 οὐδ’
384 2486 565 2574 ὠδνράμην
587 2487 649 2571 την
671 2484 816 2569 ἐμαυτοῦ
838 2485 943 2570 τύχην
966 2481 1036 2550 οὔτ’
1055 2481 1092 2550 ἐν
1114 2492 1185 2560 τοίς

124 2593 289 2671 3κοινοίς
318 2593 508 2680 πράγμασιν
538 2593 610 2658 οὔτ’
634 2592 672 2659 ἐν
701 2602 771 2670 τοίς
799 2593 905 2670 ίδίοις.
956 2587 1030 2680 (13)
1057 2592 1092 2656 τί
1119 2591 1184 2675 γάρ

163 2701 219 2766 καί
241 2702 363 2766 παθὼν
386 2698 563 2784 ἐγκαλοίην
586 2699 628 2765 ἀν
652 2700 750 2786 αὐτῇς
778 2701 931 2786 πότερον,
959 2699 1011 2764 ὅτι
1037 2721 1094 2781 μοι
1116 2707 1184 2762 τῶν

163 2812 275 2874 καλῶν
297 2807 353 2872 καί
379 2809 620 2892 περιμαχήτων,
647 2802 701 2892 ἐφ’
724 2798 774 2884 οἷς
801 2807 912 2872 ἅπασα
940 2805 1042 2890 φύσις
1064 2803 1185 2870 ἐσπού-

120 2933 145 2974 νῡ
164 2915 265 2981 δακεν
292 2914 444 2998 εὐγενής,
470 2913 610 2989 οὐδενὸς
636 2910 801 2997 ἐξεγένετο
829 2914 918 3000 παρὰ
945 2922 1003 2996 τῆς
1025 2912 1184 2998 πατρίδος
1194 2927 1265 2976 2351
1322 2955 1323 2988 2

163 3024 360 3106 μεταλαβεῖν
397 3021 452 3087 διά
488 3022 621 3102 πενίαν;
663 3020 699 3098 ὃς
738 3022 826 3106 ἀρχω
867 3043 902 3084 τε
939 3020 996 3096 τάς
1029 3021 1185 3103 μεγίστας
1322 3011 1323 3058 3

238 3274 271 3322 14
293 3267 410 3340 τοῦτον]
437 3267 501 3335 περὶ
525 3267 630 3322 τοῦτον
656 3266 778 3338 Sylburg
805 3275 903 3322 τοῦτον
929 3283 967 3322 se.
989 3263 1040 3322 τὸν
1063 3265 1183 3336 ἐμαυτοῦ

165 3337 228 3410 βίον
251 3338 354 3393 Reiske
427 3344 460 3394 16
478 3337 637 3406 πράττειΟ
663 3355 734 3394 corr.
750 3338 869 3393 Ursinus
942 3343 976 3393 20
999 3337 1078 3407 παρὰ
1099 3337 1183 3393 τῦΟ

165 3427 235 3468 corr.
254 3407 377 3480 Sylburg
448 3415 482 3464 25
506 3407 640 3480 ἐξεγίνετο
659 3410 684 3464 V
757 3415 791 3465 26
814 3407 846 3472 ὃς
868 3407 944 3480 ἀρχα
968 3392 1131 3480 (ἀρχωνΜ)
1154 3429 1184 3464 τε

165 3481 214 3536 καὶ
233 3478 361 3552 μεγίστας
380 3480 468 3550 ἀρχὰς
486 3482 627 3553 πρεσβεία
647 3482 816 3553 (πρεσβεῦον
835 3481 874 3551 Μ)
894 3498 963 3538 corr.
982 3481 1100 3535 Ursinus
