2656 3932
573 211 729 260 -1-
1115 208 1156 274 91

138 337 299 423 τιμωρίαν
326 335 411 422 ὁρμὴ
439 332 675 421 προθυμοτέρα
701 337 781 419 μήτε
808 343 916 419 ψυχῆς
943 335 1052 419 ἄνδρα
1075 331 1159 399 ύπα-

138 445 232 509 τικὸν
272 447 353 528 μητε
397 441 557 528 πατρίδος
598 437 850 528 ἀποστεροῦσιν.
909 438 1081 524 Ῥωμιλίου
1122 439 1160 506 δέ

137 549 440 627 καταδικασθέντος
480 547 520 614 ού
560 553 699 626 πολλαῖς
737 544 881 635 ὕστερον
924 547 1061 634 ἡμέραις
1105 547 1160 613 καί

54 673 129 724 2124
142 654 343 748 Οὐετούριος
369 655 468 722 ἑάλω·
497 657 620 741 τίμημα
645 656 685 722 δὲ
710 656 766 722 καί
794 653 909 744 ἐκείνφ
937 653 1160 740 ἐπεγέγραπτο

139 761 333 851 άργυρικόν,
355 764 508 848 ἡμιόλιον
529 761 686 848 θατέρου.
1193 781 1205 822 ε

210 871 245 936 L.
280 876 389 936 Ταῦτα
419 871 461 955 δὴ
491 869 714 954 λογιζομένοις
743 879 813 949 τοῖς
842 867 880 936 ἐν
910 868 993 955 ἀρχῇ
1023 866 1161 945 ὑπάτοις

139 981 226 1044 πολὺ
249 977 394 1063 παρέστη
418 976 493 1054 δέος
515 977 653 1044 καὶτοῦ
675 979 720 1062 μη
742 974 847 1044 ταύτὰ
869 983 993 1043 παθεῖν
1014 973 1082 1042 ὑπὸ
1100 982 1161 1040 τοῦ

139 1086 247 1170 δήμου
274 1087 355 1168 μετὰ
381 1085 444 1169 τὴν
469 1081 631 1150 ὑπατείαν
657 1086 815 1170 πρόνοια,
842 1080 919 1150 ὥστ’
943 1079 1054 1149 ούκέτι
1082 1081 1162 1148 άπο-

139 1194 364 1277 κρυπτόμενοι
380 1193 439 1269 τάς
456 1191 604 1275 γνώμας,
628 1187 712 1257 ἀλλὰ
732 1202 885 1278 φανερῶς
907 1192 947 1256 τὰ
970 1198 1030 1256 τοῦ
1054 1190 1161 1274 δήμου

139 1301 391 1382 πολιτευόμενοι
427 1296 606 1364 διετέλουν.
660 1309 794 1385 πρῶτον
825 1297 887 1381 μέν
919 1291 982 1363 οὖν
1014 1295 1069 1363 ἐπὶ
1103 1306 1162 1381 τῆς
1181 1316 1206 1356 ιο

140 1407 305 1492 λοχίτιδος
330 1404 503 1489 ἐκκλησίας
524 1407 631 1488 νόμον
654 1404 837 1492 ἐκύρωσαν,
866 1406 922 1471 ἵνα
948 1413 1020 1482 ταῖς
1048 1403 1162 1490 ἀρχαῖς

140 1512 196 1599 ἐξῇ
228 1493 349 1590 πάσαις
379 1515 459 1588 τοὺς
491 1511 719 1594 ἀκοσμοῦντας
749 1512 770 1598 ἦ
803 1520 1079 1599 παρανομοῦντας
1115 1511 1163 1588 είς

139 1621 202 1704 τὴν
229 1617 359 1685 έαιπῦν
385 1617 540 1696 ἐξουσίαν
567 1622 713 1703 ζημιοῦν.
759 1618 840 1698 τέως
866 1621 932 1704 γάρ
955 1618 1015 1704 ούχ
1039 1618 1163 1684 άπασιν

96 1751 101 1762 ·
141 1725 228 1811 ἐξῆν,
263 1725 346 1792 άλλά
377 1735 446 1803 τοῖς
477 1722 616 1804 ὑπάτοις
647 1729 772 1810 μόνοις.
826 1728 864 1793 τὸ
896 1725 1011 1810 μέντοι
1041 1723 1202 1810 τίμημα2

141 1833 203 1900 ούκ
229 1831 284 1900 ἐπί
311 1843 381 1911 τοῖς
407 1836 590 1918 ζημιοῦσιν,
617 1833 744 1900 ὁπόσον
767 1827 854 1900 εἶναι
882 1834 948 1918 δεῖ,
974 1831 1162 1915 κατέλιπον,
1182 1849 1207 1891 1⁶

141 1939 213 2007 ἀλλ’
237 1939 333 2006 αὐτοί
361 1942 424 2026 τὴν
453 1937 548 2019 ἀξίαν
578 1941 715 2027 ὥρισαν,
744 1940 902 2025 μέγιστον
931 1937 1163 2017 ἀποδείξαντες

141 2048 223 2131 ὅρον
253 2049 366 2131 ζημίας
394 2047 458 2113 δύο
487 2051 570 2132 βοῦς
601 2049 657 2114 καί
688 2048 865 2134 τριάκοντα
896 2049 1055 2132 πρόβατα.
1108 2045 1164 2112 καί

58 2174 131 2224 2126
141 2150 239 2234 οὗτος
270 2154 288 2221 ὁ
317 2156 421 2238 νόμος
449 2156 525 2240 άχρι
554 2159 681 2220 πολλοῦ
711 2154 876 2237 διέμεινεν
905 2154 971 2219 ὑπὸ
998 2151 1164 2236 Ῥωμαίων

141 2263 397 2349 φυλαττόμενος.
430 2258 541 2326 ἔπειτα
559 2261 722 2346 περὶτῶν
737 2263 862 2344 νόμων,
881 2259 940 2337 οὓς
958 2257 1164 2338 ἐσπούδαζον
1182 2259 1203 2324 3

141 2371 174 2436 ol
201 2370 364 2454 δήμαρχοι
390 2370 525 2445 κοινούς
552 2365 607 2433 ἐπί
634 2375 715 2432 πάσι
738 2365 907 2450 Ῥωμαίοις
936 2365 1080 2453 γράφειν
1108 2366 1164 2432 καί
1182 2386 1208 2427 ιο

141 2479 189 2555 είς
216 2476 346 2542 δίπαντα
373 2477 497 2561 χρόνον
524 2472 862 2559 φυλαχθησομένους,
893 2473 1076 2557 διάγνωσιν
1104 2471 1165 2538 άπ-

142 2583 270 2650 έδωκαν
297 2591 337 2668 τῇ
365 2584 481 2667 βουλῇ.
527 2579 713 2666 ἐλέχθησαν
736 2581 798 2664 μέν
825 2574 888 2646 ούν
910 2582 1032 2647 πολλοί
1051 2603 1087 2646 τε
1109 2581 1165 2647 καί

140 2691 207 2757 ὑπὸ
230 2701 299 2756 τῶν
320 2691 506 2775 κρατίστων
528 2687 664 2775 ἀνδρῶν
687 2690 735 2766 είς
757 2687 928 2774 ἀμφότερα
948 2688 1006 2754 καλ
1027 2690 1066 2755 τὸ
1085 2704 1165 2772 συγ-

141 2807 263 2884 χωρεῖν
284 2797 400 2863 καὶτὸ
422 2796 565 2862 κωλύειν
588 2795 748 2882 φέροντες
770 2797 879 2880 λόγοι,
907 2793 1000 2862 ἐνίκα
1028 2792 1059 2859 δ’
1080 2796 1101 2879 ἡ
1124 2797 1165 2861 τά

143 2905 387 2991 δημοτικότερα
413 2905 478 2990 πρὸ
505 2914 574 2970 τῶν
601 2903 822 2990 ὀλιγαρχικῶν
852 2902 1033 2986 εἰσάγουσα
1064 2904 1164 2968 Τίτου
1183 2922 1208 2962 ιε

139 3009 310 3095 Ῥωμιλίου
342 3012 472 3096 γνώμη,
503 3012 593 3098 παρὰ
625 3012 687 3095 τὴν
719 3009 876 3076 ἁπάντων
906 3007 1008 3088 δόξαν
1035 3019 1102 3077 τῶν
1129 3033 1165 3075 τε

216 3192 250 3241 14
268 3184 365 3256 μόνοις
383 3203 437 3241 om.
451 3186 504 3240 AB
561 3191 593 3240 15
613 3183 658 3240 ἐπ’
670 3186 767 3248 αὐτοῖς
780 3190 924 3255 ζημιοῦσιν
937 3184 991 3238 ΑΒ
1011 3183 1056 3239 ἐπ’
1068 3186 1165 3248 αύτοῐς

142 3265 202 3320 τοῖς
219 3262 241 3323 ζ.
259 3257 363 3313 Reiske
386 3257 432 3314 ἐπί
450 3266 510 3321 τοῖς
527 3261 548 3323 ζ.
565 3256 709 3327 Kiessling
736 3257 740 3330 Ι
766 3251 883 3312 είναιΟ
905 3259 1005 3311 θεῖναι
1023 3272 1046 3312 ο.
1060 3257 1165 3312 Reiuke

144 3335 177 3385 1‘1
201 3326 289 3400 ’βόας
311 3329 334 3384 0
360 3326 429 3400 βόας
454 3331 483 3384 οῖ
507 3325 636 3400 πρόβατα
660 3327 753 3382 locum
778 3329 854 3384 inter
875 3343 905 3382 ευ
928 3329 1039 3383 mutare
1062 3327 1164 3384 debere

142 3400 301 3526 Brissssnius
325 3403 420 3456 censet
445 3400 479 3456 cf.
502 3399 609 3456 Gellius
631 3398 670 3453 XI
690 3405 705 3454 1
779 3404 813 3454 20
836 3397 957 3469 γράφειν
977 3399 1030 3453 ΑΒ
1055 3406 1165 3471 γραφη-

142 3492 192 3529 ναι
