2654 3916
151 207 218 274 314
579 212 747 261 -Κ-

152 329 252 411 νῶνές
280 356 315 400 τε
344 334 401 400 καί
427 335 575 400 Αἰτωλοί
601 334 658 401 καὶ
684 335 881 411 Μακεδόνες
910 335 965 400 καί
990 335 1175 419 Ἀθαμᾶνες

112 438 207 506 4έπί
235 449 297 506 τοῦ
327 445 433 506 λαιοῦ.
478 443 557 519 τοδς
587 440 625 506 δὲ
652 443 774 521 ψιλοὺς
802 441 858 506 καί
887 444 966 520 τοὺς
993 439 1176 527 ἐλέφαντας

152 547 229 634 διχῇ
257 549 372 631 νείμας
399 546 599 633 ἀμφοτέρων
620 549 760 614 κατόπιν
783 544 900 632 ἔστησε
927 559 995 616 τῶν
1016 547 1176 635 κεράτων,

153 653 342 742 σύμμετρόν
370 676 404 719 τι
434 655 559 740 χωρίον
588 654 780 741 ἀφεστῶτας
809 655 925 740 ὀλίγον
955 653 1176 740 έπανεστηκὸς

122 780 135 822 ι
152 769 212 827 τοῦ
236 761 364 828 πεδίου.
402 760 501 839 αὐτὸς
524 761 563 828 δὲ
584 763 623 827 τδ
644 762 854 846 καλούμενον
871 763 1047 846 βασιλικὸν
1067 763 1176 846 ἄγημα

152 878 220 934 τῶν
243 866 424 934 ἐπιλέκτων
448 867 575 934 ἱππέων
598 868 682 952 όμοῦ
709 892 742 934 τι
769 869 942 954 δισχιλίων
969 869 1045 954 περλ
1073 868 1176 935 αὑτὸν

153 971 239 1059 έχων
268 972 361 1052 ἐκτὸς
386 971 431 1060 ἧν
457 973 592 1060 τάξεως,
624 975 708 1040 ὥστε
740 969 857 1061 [εἶναι]
889 985 959 1053 τοίς
990 976 1177 1059 κάμνουσιν

154 1081 220 1146 αίεί
242 1091 310 1147 τῶν
333 1081 505 1168 σφετέρων
527 1079 561 1160 ἐξ
585 1080 718 1165 ἑτοίμου
742 1091 906 1168 παρεῖναι.

228 1187 270 1253 Ol
299 1187 337 1254 δδ
365 1187 487 1254 ὕπατοι
516 1191 598 1255 κατὰ
627 1189 689 1273 μὲν
718 1191 756 1255 τὸ
787 1191 884 1255 λαιὸν
910 1188 1009 1276 κέρας
1035 1186 1179 1276 ἔστησαν

109 1316 135 1356 ιο
153 1294 260 1379 τάγμα
282 1295 320 1361 τδ
343 1296 552 1379 καλούμενον
574 1308 709 1383 πρῶτον
727 1294 883 1362 ἐναντίον
900 1305 941 1384 τῇ
960 1298 1177 1384 Μακεδονικῇ

153 1401 209 1468 καί
229 1403 490 1489 Ἀμπρακιωτικῇ
515 1403 662 1488 φάλαγγι
688 1404 745 1470 καί
771 1414 841 1484 τοῖς
864 1407 1089 1492 μισθοφόροις
1111 1416 1179 1471 τῶν

158 1511 381 1596 Ταραντίνων.
428 1507 592 1592 ἑπόμενον
614 1511 653 1576 δὲ
674 1523 720 1598 τῷ
744 1512 863 1599 πράτφ
886 1512 1026 1596 τάγματι
1049 1513 1086 1578 τὸ
1109 1514 1179 1598 τρί-

152 1637 223 1699 τον,
252 1615 374 1682 καδ’δ
405 1615 504 1702 μέρος
532 1618 553 1700 ἡ
584 1617 763 1695 λεύκασπις
792 1613 836 1702 ἣν
863 1629 930 1684 τῶν
963 1620 1179 1704 Ταραντίνων

154 1719 284 1806 φάλαγξ
302 1721 358 1787 καὶ
380 1723 418 1786 τὸ
437 1725 605 1807 Βρεττίων
623 1724 679 1789 καί
700 1725 738 1790 τὸ
758 1727 943 1790 Λευκανῶν
962 1727 1178 1810 συμμαχικόν.

108 1801 303 1931 Ξσυναφὲς
330 1827 368 1894 δὲ
395 1838 441 1914 τῷ
464 1830 564 1917 τρίτφ
587 1831 625 1895 τὸ
648 1829 806 1916 τέταρτον
830 1827 973 1916 ἔστησαν
995 1833 1078 1897 κατὰ
1100 1836 1180 1908 τοὺς

153 1936 351 2013 Μολοττοός
382 1957 417 2001 τε
449 1936 504 2002 καί
536 1935 669 2014 Χάονας
704 1938 761 2002 καί
796 1938 1028 2024 Θεσπρωτούς·
1065 1939 1104 2004 τὸ
1141 1938 1179 2004 δέ

153 2041 313 2130 δεύτερον
336 2040 391 2108 ἐπί
417 2051 478 2108 τοῦ
506 2041 617 2122 δεξιοῦ
645 2043 748 2130 κέρως
776 2043 932 2110 ἐναντίον
959 2055 1029 2124 τοῖς
1059 2053 1180 2129 μισθο-

153 2151 273 2236 φόροις
295 2159 365 2230 τοῖς
388 2149 453 2216 άπὸ
476 2161 534 2236 τῆς
552 2148 711 2229 Ἑλλάδος
733 2153 898 2230 Αἰτωλοῖς
925 2153 981 2218 καί
1003 2154 1180 2239 Ἀκαρνᾶσι

152 2257 208 2322 καί
232 2255 396 2340 Ἀδαμᾶσι
426 2257 481 2324 καί
510 2267 551 2344 τῇ
580 2263 759 2324 Σαυνιτῶν
788 2260 994 2347 δυρεαφόρφ
1022 2259 1179 2345 φάλαγγι.

108 2385 134 2426 ιο
152 2365 321 2441 Λατίνους
344 2363 382 2430 δδ
404 2363 460 2430 καί
478 2367 685 2448 Καμπανοὺς
706 2365 762 2430 καί
780 2368 952 2448 Σαβίνους
972 2365 1028 2432 καί
1049 2368 1179 2451 Ὀμβρι-

151 2473 234 2548 κοδς
260 2471 316 2536 καί
343 2470 578 2549 Οὐολούσκους
604 2472 661 2560 καί
683 2474 947 2558 Μαρουγκίνους
976 2473 1032 2538 καί
1055 2475 1179 2556 Πελίγ-

152 2601 235 2655 νους
261 2577 317 2644 καί
344 2579 557 2663 Φρενταυοὺς
583 2579 639 2644 καί
666 2582 745 2657 τοὺς
769 2581 892 2656 ἄλλους
918 2577 1102 2663 ὑπηκόους,
1130 2581 1179 2656 είς

152 2683 291 2770 τέτταρα
319 2685 485 2763 διελόντες
512 2685 611 2772 μέρη,
640 2696 710 2763 τοῖς
732 2683 927 2770 Ῥωμαικοίς-
949 2685 1179 2773 παρενέβαλον

224 2829 241 2878 4
261 2820 459 2896 έπανεστηκδς]
484 2821 665 2894 ίξανεοτηκδς
682 2825 727 2878 vel
745 2823 966 2894 έπανεστηκότος
989 2843 1012 2879 e.
1032 2824 1179 2881 Ο.Μι’1]λοι·

154 2901 169 2950 6
189 2892 259 2964 δμοῦ
273 2915 301 2950 τε
321 2895 386 2950 Ath.
402 2911 471 2950 corr.
487 2895 589 2950 Mffller
645 2901 659 2948 ’ί
679 2893 800 2961 ’τάξεως
813 2891 951 2951 εἷναι-8
965 2895 1096 2964 πάρεισιν
1110 2898 1176 2952 Ath.

152 2961 423 3035 εἷναι-ἐπάρκεσον
448 2965 565 3020 Dfibner
589 2962 664 3021 εἶναι
685 2975 746 3029 τοῖς
768 2965 923 3036 κάμνουσιν
943 2968 988 3022 ἀεὶ
1006 2965 1128 3038 βοηθός,
1151 2967 1182 3022 εί

152 3057 226 3100 τινες
244 3045 300 3092 τῶν
319 3035 459 3107 σφετέρων
478 3037 506 3104 ἐξ
525 3035 637 3107 ἑτοίμου
655 3037 786 3106 πάρεισιν
804 3038 897 3094 Minas
922 3039 962 3101 είς
979 3035 1010 3094 τδ
1028 3047 1089 3102 τοῖς
1106 3037 1178 3107 κάμ-

152 3125 286 3164 νουσιν-
292 3117 425 3177 παρεῖναι
434 3108 536 3164 Μι111εε
549 3108 652 3174 τάξεως
666 3107 900 3184 ἴνα-ἐπαρκέσῃ
915 3109 1003 3165 Cobet
1012 3108 1078 3164 Obs.
1088 3127 1115 3178 p.
1125 3114 1177 3164 21⁷

153 3196 206 3250 ego
224 3181 290 3250 post
307 3179 410 3246 τάξεως
427 3181 533 3236 inserui
552 3179 633 3250 ὥστε,
651 3176 727 3236 εἶναι
743 3181 847 3249 delevi,
864 3198 915 3251 pro
929 3180 1060 3250 πάρεισιν
1073 3181 1104 3234 in
1117 3182 1178 3235 tex-

152 3253 214 3306 tum
238 3259 372 3320 παρεῖναι
397 3252 492 3322 recepi
570 3259 602 3307 11
629 3253 841 3326 άμπλακιωτικῇ
864 3253 929 3307 Ath.
954 3269 1023 3308 corr.
1042 3252 1179 3306 Wesoher

154 3327 188 3377 1ο
215 3323 289 3377 κατὰ
313 3320 345 3378 τὸ
373 3320 535 3386 Μολόττους
560 3323 626 3379 Ath.
650 3341 720 3379 corr.
744 3323 846 3379 Mflller
924 3329 956 3379 17
982 3320 1085 3392 ’κέρας
1109 3323 1176 3378 Ath.

153 3390 270 3461 κέρατος
287 3393 389 3450 Mffller
407 3391 495 3463 κέρως
513 3410 566 3464 ego
631 3401 664 3450 19
683 3393 879 3522 δορασαφόρφ
898 3396 964 3449 Ath.
1029 3391 1177 3449 11οίιολέ-

154 3479 238 3526 σκοος
255 3464 321 3520 Ath.
378 3469 411 3520 11
431 3467 620 3535 φερεντανοδς
633 3466 699 3523 Ath.
715 3485 838 3535 φρενταν
875 3485 889 3530 ς
903 3465 991 3522 Cobet
1005 3465 1070 3520 Obs.
1084 3483 1113 3535 p.
1124 3471 1176 3520 216
