2656 3932
573 223 607 232 ··
644 196 685 246 Μ
722 223 755 232 -
1112 197 1174 262 135

33 375 52 410 λ
158 320 240 384 ἴσων
266 341 302 384 τε
331 319 387 384 καί
415 321 615 405 κρειττόνων
645 319 747 409 όίρχης
773 319 839 384 ὑπὸ
866 329 934 384 τών
961 320 1112 404 ἡττόνων
1141 343 1175 384 τε

20 491 22 496 ,
156 427 211 492 καί
238 427 403 492 κακιόνων
430 427 600 511 ἄρχεσθαι.
646 427 753 491 πολλὰ
782 426 837 492 καλ
864 426 941 512 περί
968 431 1101 492 πολλῶν
1128 423 1216 493 ἔτι4

29 597 41 627 ,ι
157 550 211 599 σοι
247 532 357 617 λέγειν
393 534 598 615 βουλόμενος
633 532 729 598 όκνώ.
784 534 815 598 ελ
850 533 912 616 μὲν
947 535 1011 619 γὰρ
1048 531 1103 598 ἐπί
1136 535 1176 598 τὰ

155 641 292 727 κρείττω
316 640 526 722 βουλεύματα
549 638 566 704 ὁ
590 640 672 716 θεὸς
694 640 767 724 δίγει
790 656 842 723 σε,
871 640 926 705 καλ
949 648 1052 705 ταῦτα
1074 642 1175 705 πλείω

40 809 47 818 .
156 759 224 814 τῶν
249 748 372 813 λκανών
395 747 525 833 είρηκα,
552 747 583 810 εί
607 745 637 810 δ’
655 743 710 811 ἐπὶ
737 747 778 811 τὰ
804 748 919 832 χείρω,
942 747 1095 831 διακενῆς
1121 747 1176 812 καλ
1209 773 1221 812 ε

42 836 47 844 ’
156 857 197 920 τδ
228 855 328 920 λοιπὰ
360 852 433 939 όρώ.
484 849 587 937 ἔχετε,
619 848 645 918 ώ
677 855 799 937 βουλή,
830 853 885 918 καλ
916 852 1010 936 ὑμεῖς
1037 855 1070 919 ολ
1097 875 1177 940 προ-

17 947 22 1042 2
70 980 145 1030 2191
158 963 328 1046 εστηκότες
351 971 408 1046 τῆς
431 963 571 1044 πόλεως,
594 961 656 1044 τὴν
677 958 759 1044 ἐμην
781 961 918 1045 γνώμην
940 961 996 1026 καλ
1018 961 1095 1047 περλ
1117 970 1177 1027 τοῦ

156 1068 303 1151 πολέμου
334 1077 393 1152 τῆς
423 1067 632 1144 καταλύσεως
662 1067 718 1132 καί
749 1067 825 1151 περλ
854 1078 922 1132 τών
951 1066 989 1134 ἐν
1015 1077 1055 1154 τῇ
1083 1071 1178 1134 πόλει

16 1253 21 1262 ,
156 1177 319 1260 θορύβων
345 1185 403 1260 τῆς
426 1172 697 1259 ἐπανορθώσεως.
743 1175 773 1238 εί
796 1173 836 1239 δέ
855 1196 905 1252 τις
928 1173 1023 1261 ἕτερα
1049 1176 1178 1240 τούτων

33 1355 39 1363 ,
157 1283 293 1366 κρείττω
317 1279 400 1366 ἐρεῖ,
423 1282 464 1346 τδ
486 1279 641 1363 βέλτιστα
662 1280 793 1346 νικότω.
1198 1307 1223 1346 ιο

228 1387 300 1454 XV.
319 1386 450 1454 Τοιαῦτ’
465 1388 618 1464 εἰπόντος
636 1387 811 1452 Κλαυδίου
833 1387 889 1453 καλ
911 1389 1040 1472 πολλὴν
1060 1387 1179 1454 ἐλπίδα

21 1499 29 1506 ’
156 1507 202 1582 τῷ
240 1495 405 1582 συνεδρίω
444 1495 688 1579 παρασχόντος,
729 1494 774 1572 ὡς
810 1492 1075 1579 ἀποβησομένων
1111 1507 1179 1561 τῶν

158 1601 238 1667 δέκα
260 1603 322 1686 τὴν
344 1600 460 1687 ἀρχήν,
479 1598 620 1678 ’Άππιος
644 1601 706 1684 μὲν
728 1603 812 1687 πρὸς
833 1610 937 1667 ταῦτα
960 1602 1062 1668 οὐδὲν
1083 1601 1179 1686 ἠξίω-

158 1725 218 1774 σεν
250 1710 368 1774 εἰπεῖν·
401 1706 438 1774 ἐκ
470 1707 508 1774 δὲ
539 1719 607 1774 τών
639 1709 750 1773 ἄλλων
782 1708 969 1795 ὀλιγαρχεῖν
1001 1711 1179 1795 προελθών

157 1819 346 1900 Κορνήλιος
375 1814 527 1901 Μάρκος·
554 1811 668 1897 Ἡμεῖς
697 1814 769 1898 μέν,
799 1812 934 1900 ἔφησεν,
964 1812 989 1882 ώ
1020 1817 1179 1901 Κλαύδιε,
1199 1838 1224 1879 ιι

13 1911 35 1934 ”
157 1923 234 2008 περί
256 1933 324 1988 τών
344 1924 439 1988 ἰδίων
460 1924 702 2008 συμφερόντων
725 1922 821 1988 αὐτοὶ
843 1923 1100 2007 διαγνωσόμεθα
1122 1935 1180 2009 της

158 2039 218 2114 σῆς
247 2029 349 2096 οὐδὲν
378 2031 530 2113 δεόμενοι
559 2032 692 2112 βουλῆς.
741 2029 797 2094 καί
823 2031 888 2115 γὰρ
914 2031 1043 2114 ἡλικίας
1072 2029 1110 2096 ἐν
1139 2040 1178 2116 τῇ

30 2142 36 2152 ’
159 2137 391 2226 φρονιμωτάτῃ
427 2134 537 2220 ἐσμέν,
578 2136 662 2200 ὥστε
702 2135 807 2220 μηδὲν
842 2147 911 2201 τών
949 2138 1180 2221 διαφερόντων

33 2223 38 2233 ’
158 2243 304 2328 ἀγνοεῖν,
334 2244 390 2308 καὶ
420 2243 530 2328 φίλων
556 2242 598 2307 οὐ
627 2243 837 2326 σπανίζομεν,
867 2234 932 2326 οἷς,
961 2241 1020 2308 ἐάν
1049 2267 1081 2308 τι
1111 2243 1179 2333 δέη,

28 2360 33 2368 ’
158 2350 362 2433 συμβούλοις
397 2351 599 2435 χρησόμεθα.
657 2356 783 2414 παῦσαι
819 2350 860 2434 δη
900 2358 1034 2436 πρᾶγμα
1073 2324 1224 2452 ποιώνὲο

159 2458 280 2543 ἄωρον,
318 2455 401 2541 ἀνὴρ
439 2456 663 2541 πρεσβύτερος
704 2456 745 2521 οὐ
783 2455 953 2538 δεομένοις
989 2460 1180 2543 συμβουλῆς

19 2645 22 2654 ’
158 2565 291 2648 γνώμας
321 2562 610 2645 ἀποδεικνύμενος.
663 2572 708 2650 τῷ
735 2559 859 2651 Ἀππίφ
890 2562 920 2628 δ’
945 2564 978 2628 εἴ
1004 2588 1036 2629 τι
1065 2565 1180 2648 βούλει

22 2667 27 2677 “
159 2681 336 2756 παραινεῖν
353 2670 374 2754 ἢ
394 2670 680 2756 λοιδορεῖσθαι-
695 2677 794 2735 τοῦτο
812 2672 877 2755 γὰρ
895 2668 1122 2758 ἀληθέστερον
1136 2709 1180 2720 -—

21 2841 31 2868 ,
75 2795 148 2846 2192
160 2779 240 2844 ὅταν
270 2776 408 2868 ἐξέλθῃς
438 2774 474 2842 ἐκ
503 2785 563 2842 τοῦ
594 2777 789 2864 συνεδρίου,
820 2778 1008 2870 λοιδορηση.
1054 2788 1119 2844 νῦν
1147 2778 1177 2843 δ’

159 2884 244 2970 ὑπὲρ
266 2892 327 2950 τοῦ
351 2885 434 2970 πρὸς
456 2883 626 2962 Αἰκανοὺς
647 2884 703 2949 καλ
726 2886 898 2968 Σαβίνους
920 2885 1082 2969 πολέμου,
1104 2885 1180 2970 περί
1199 2904 1224 2944 ιι

12 2991 16 2998 ’
161 2986 201 3056 οὗ
224 2990 379 3076 κίκλησαι
402 2991 539 3075 γνώμην
562 2989 830 3076 ἀποδειξόμενος,
854 2992 872 3057 ὅ
895 3015 927 3057 τι
951 3009 1004 3058 σοι
1027 2993 1180 3076 φαίνεται

233 3173 249 3220 4
267 3163 351 3221 πλείω
370 3174 459 3222 ταυτα
478 3183 500 3220 ο.
515 3165 619 3220 Reiske
688 3172 721 3220 14
739 3165 925 3237 *ὀλιγαρχιῶν
944 3167 1022 3222 LMV
1041 3167 1179 3238 ὀλιγαρχι-

162 3245 220 3291 κῶν
237 3237 320 3308 vulgo
340 3237 495 3308 όλιγαρχών
514 3255 566 3308 ego
585 3238 620 3291 ef.
639 3235 678 3290 XI
697 3243 739 3304 39,
755 3243 784 3303 23
803 3243 846 3304 43,
862 3244 891 3306 43
910 3244 984 3303 46‚5
1046 3245 1077 3292 1‘1
1098 3238 1128 3293 ἐν
1146 3243 1180 3310 τῇ

12 3338 31 3382 η,
162 3307 400 3384 φρονιμωτάτηΟ
426 3308 456 3363 ἐν
481 3313 519 3380 τῷ
541 3307 742 3378 φρονιμωτώτω
769 3308 873 3363 Βεὶελιε
901 3309 936 3363 cf.
960 3309 1103 3380 Kiessling
1126 3309 1181 3363 Zur

24 3429 29 3443 s
161 3377 257 3434 Rritik
274 3384 333 3449 μθ
402 3385 435 3434 21
455 3379 576 3448 ἀνδράσι
593 3361 789 3451 πρεσβυτόροις
808 3397 830 3435 ο.
846 3379 989 3451 Kiessling
1056 3387 1090 3436 26
1110 3381 1179 3435 ἀπο-

25 3463 27 3466 ’
162 3449 324 3520 δειξάμενος
341 3451 420 3504 LVM
