2668 3922
164 235 231 300 230
582 264 615 273 -
653 235 694 286 ῙΒ
731 263 765 272 -

164 363 238 426 τότε
268 358 436 445 πέπρωται
466 358 607 443 ἁλῶναι,
636 359 717 425 δταν
745 359 766 443 ἡ
797 359 880 443 πρὸς
903 353 1052 448 Ἀλβανχό
1084 361 1184 444 λίμνη

165 467 354 532 σπανίσασα
385 475 453 532 τῶν
482 464 674 550 αὐθιγενῶν
703 465 859 548 ναμάτων
887 465 1001 550 μηκέτι
1030 467 1187 552 μίσγηται

164 573 330 663 θαλάττη,
367 570 560 639 ἐπαύσασθε
597 571 640 638 ἀν
671 572 770 638 αὑτοί
798 595 834 637 τε
866 572 1100 656 δαπανώμενοι
1130 574 1187 640 καί

125 681 248 765 δῆμᾶς
280 678 501 764 ἐνοχλοῦντες.
556 687 660 746 ταῦτα
691 679 710 744 δ
738 677 893 762 Ῥωμαῖος
929 681 1050 763 μαθὼν
1081 683 1186 760 πολὺς

134 785 202 853 οέν
242 797 288 876 τῷ
330 795 467 852 σκοπεῖν
507 786 586 853 καθ’
616 785 737 853 ἑαυτὸν
774 789 967 872 γενόμενος,
1008 788 1081 855 τότε
1124 788 1186 872 μέν

164 891 278 985 ἀπῄει,
309 891 384 982 (14)
416 902 456 979 τῆ
488 889 519 958 δ’
544 892 618 979 ἑξῆς
640 895 810 980 προειπὼν
837 904 907 973 τοῖς
937 895 1132 981 χιλιάρχοις,
1164 894 1186 960 ἀ

106 1014 110 1022 ’
165 1001 341 1086 διενοεῖτο,
368 1010 479 1087 παρῆν
501 999 556 1067 ἐπί
578 1002 638 1067 τὸν
661 1001 767 1067 αὑτὸν
789 1003 893 1067 τόπον
916 1002 1075 1083 ἄνοπλος,
1103 1001 1186 1068 ὥστε

164 1109 328 1194 μηδεμίαν
368 1107 519 1187 ὑποψίαν
560 1107 739 1193 ἐπιβουλῆς
779 1109 839 1174 τὸν
885 1110 1061 1194 Ῥορρηνὸν
1100 1108 1186 1195 ὑπὲρ

165 1216 268 1282 αὑτοῦ
300 1218 424 1299 λαβεῖν.
473 1214 679 1302 χρησάμενος
707 1214 745 1280 δέ
771 1197 842 1292 τοῖς
869 1219 1056 1300 συνήθεσιν
1083 1213 1187 1280 ἀσπα-

120 1344 146 1384 ιο
164 1332 260 1406 σμοῖς
285 1333 420 1409 πρῶτον
446 1322 508 1405 μὲν
529 1322 615 1409 ὑπὲρ
642 1331 700 1406 τῆς
726 1321 926 1406 κατεχούσης
951 1323 988 1388 τὸ
1008 1320 1187 1406 Ῥωμαικὸν

164 1429 391 1516 στρατόπεδον
418 1428 600 1514 ἀμηχανίας
627 1427 792 1513 διελέγετο
820 1427 906 1512 ἀλλ’,
934 1427 987 1514 ἐφ’
1005 1421 1056 1507 οἷς
1081 1430 1188 1514 ἡσθῆ-

165 1543 286 1602 σεσθαι
315 1538 375 1602 τὸν
407 1537 582 1623 Τυρρηνὸν
610 1535 855 1620 ὑπελάμβανεν,
887 1532 999 1601 ἐπειτα
1026 1534 1187 1622 ἐξηγητὴν

165 1643 254 1730 αὑτῷ
296 1642 455 1726 γενέσθαι
495 1640 590 1726 ἠξίου
631 1645 776 1728 σημείων
811 1653 914 1708 τινῶν
949 1643 1005 1708 καί
1041 1643 1187 1728 τεράτων
1257 1695 1259 1702 .

123 1749 284 1815 4νεωστλ
329 1759 399 1827 τοῖς
443 1750 624 1836 χιλιάρχοις
664 1751 860 1834 γεγονότων.
924 1751 1078 1816 πείθεται
1117 1759 1187 1828 τοῖς

120 1875 146 1918 ιε
165 1857 277 1940 λόγοις
300 1855 317 1921 ὁ
342 1856 459 1940 μάντις
482 1856 642 1941 οὐδεμίαν
665 1857 823 1934 δεδοικὼς
845 1853 1009 1941 ἐξαπάτην
1030 1857 1086 1922 καί
1108 1859 1188 1934 τοὺς

165 1965 330 2042 συνόντας
358 1961 446 2050 αύτῷ
474 1974 673 2050 μεταστῆναι
699 1965 857 2042 κελεύσας
884 1963 984 2041 αὐτὸς
1005 1963 1188 2048 ἠκολούθει

164 2072 266 2154 μόνος
293 2081 339 2158 τῷ
367 2077 506 2159 λοχαγῷ.
557 2071 575 2137 ὁ
604 2071 642 2137 δέ
665 2069 820 2154 Ῥωμαῖος
846 2070 1056 2156 ὑπαγόμενος
1083 2071 1188 2136 αὑτὸν

165 2176 321 2264 ἀπωτέρω
345 2186 405 2244 τοὺ
428 2181 557 2264 τείχους
580 2179 636 2244 διὰ
653 2189 721 2245 τῶν
734 2180 817 2265 πρὸς
835 2177 965 2263 ἀπάτην
977 2175 1188 2263 μηχανηθέυ-
1287 2229 1292 2240 .
1322 2217 1323 2229 1

164 2307 232 2350 των
262 2286 382 2370 λόγων,
419 2286 464 2364 ὡς
500 2284 600 2371 ἐγγὺς
636 2283 766 2370 ἐγένετο
803 2294 863 2351 τοῦ
895 2285 1187 2371 περιτειχίσματος,

121 2414 145 2454 ιο
165 2393 355 2477 περιλαβὼν
384 2402 457 2471 ταῖς
487 2393 603 2480 χερσίν
632 2391 834 2478 ἀμφοτέραις
862 2391 966 2475 μέσον
996 2391 1125 2476 αίρεταί
1151 2411 1188 2454 τε

165 2499 221 2563 καλ
243 2499 327 2584 πρὸς
349 2500 386 2565 τὸ
402 2497 580 2583 Ῥωμαικὸν
598 2497 801 2586 ἀποφέρεται
821 2498 1054 2585 στρατόπεδον.
1077 2497 1187 2563 Ambr.
1308 2501 1322 2536 ⁸¹

237 2603 308 2670 XII.
332 2603 406 2693 (15)
440 2611 568 2673 Τοῦτον
596 2607 657 2672 τὸν
687 2604 796 2693 ἀνδρα
825 2607 858 2672 οί
884 2608 1049 2692 χιλίαρχοι
1076 2606 1188 2688 λόγοις
1320 2609 1321 2616 ’

165 2733 201 2777 τε
230 2713 476 2799 θεραπεύοντες
507 2713 563 2779 καὶ
593 2713 751 2797 βασάνων
781 2709 931 2791 ἀπειλαῖς
963 2712 1188 2794 δεδιττόμενοι
1320 2743 1321 2754 ¹

166 2819 296 2884 ἀπαντα
323 2822 574 2906 παρεσκεύασαν
598 2817 749 2904 ἐξειπεῖν,
775 2819 796 2886 ἀ
818 2819 896 2906 περί
917 2829 975 2904 τῆς
993 2814 1189 2901 Ἀλβανίδος
1300 2867 1311 2888 ,

120 2946 146 2988 εε
166 2928 284 3011 λίμνης
312 2925 532 3013 ἀπέκρυπτεν·
561 2920 631 2992 είτα
657 2927 714 2992 καί
740 2927 824 3012 πρὸς
849 2926 911 3010 τῆν
933 2927 1061 3010 βουλὴν
1084 2923 1189 2990 αὑτὸν

238 3143 253 3190 1
272 3133 333 3192 τότε
349 3137 413 3192 εδδ.
424 3137 521 3192 Ambr
532 3137 555 3203 Q
575 3153 628 3192 om
643 3135 738 3191 Ambr
753 3137 779 3191 A
852 3133 951 3206 θμίσγ
952 3139 1038 3190 εσθαι
1051 3134 1147 3190 Ambr.
1162 3135 1189 3188 A

165 3212 181 3261 ό
206 3213 300 3280 σκοπῷ
319 3207 416 3264 Ambr.
441 3218 556 3264 σκοπεῖν
579 3209 703 3264 Βίοῖεοὶε
726 3207 787 3262 Em.
806 3207 888 3261 Dion
907 3206 982 3261 1114
1069 3213 1101 3262 11
1123 3204 1185 3261 ἀλλ’

164 3277 260 3332 Ambr.
281 3261 340 3333 ἀπ’
358 3279 457 3335 struve
477 3277 582 3335 πόλλ’
574 3297 604 3334 m
625 3278 756 3334 Zarnckii
769 3278 899 3333 Litterar.
907 3277 1033 3333 Univers.
1046 3283 1124 3345 18⁷0,
1134 3282 1188 3332 893
1307 3280 1309 3284 ’

166 3355 199 3404 13
219 3350 294 3423 αύτῷ
309 3349 405 3405 Ambr
420 3351 496 3424 αὑτῷ
512 3351 611 3406 Struve
680 3357 712 3406 16
732 3346 880 3412 συνιόντας
893 3349 988 3403 Ambr
1004 3366 1073 3405 corr
1088 3320 1189 3404 θύσατε

165 3426 199 3475 20
218 3439 252 3474 πε
254 3403 320 3492 ριβα
320 3423 376 3476 λόον
394 3406 490 3476 Ambr.
510 3439 579 3477 corr.
600 3423 698 3478 Struve
733 3421 736 3494 1
771 3419 869 3488 αίρετα
870 3439 881 3475 ι
903 3437 995 3490 prou
976 3420 1050 3490 αίρει
1069 3423 1098 3476 εί
1116 3419 1189 3475 ἀπο-

165 3441 281 3561 φέρεται
298 3509 349 3561 pro
368 3490 533 3562 ἀποφέρει
524 3512 555 3549 m
573 3494 762 3565 suspicionem
781 3491 880 3548 Struve
898 3493 981 3548 τοοεῖ
1230 3500 1233 3508 ·
