2662 3920
155 222 197 286 22
584 224 738 274 -Ι-

153 355 213 411 τοῦ
233 347 339 431 δήμου
358 343 475 431 μηκέθ’
492 345 612 429 ὁμοίως
629 347 947 432 συναγωνιζομένου.
980 347 1176 424 συνιδόντες

154 454 195 536 δὴ
223 461 323 518 τοῦτο
350 450 527 537 ἐσκόπουν,
554 455 643 532 ὅπως
671 454 713 520 ἀν
739 455 834 538 ὑμεῖς
860 455 888 520 τ’
910 449 1176 539 ἀναγκασθείητε

153 561 243 646 παρά
271 560 408 644 γνώμην
435 556 549 638 αὐτοῖς
576 555 672 644 εἶξαι,
701 562 756 626 καλ
786 561 803 627 ὁ
832 563 936 647 δῆμος
962 563 1092 627 ἅπαντα
1119 558 1171 628 όσ’

115 666 197 732 δάν
225 663 340 746 ἀξιῶσι
367 667 598 752 συμπράττειν.
645 665 755 752 ἀληθῆ
782 669 844 752 μὲν
871 663 934 734 οὑν
961 669 1016 734 καί
1042 669 1264 736 δικαίανκοιο
1306 710 1307 746 1

123 775 320 840 τὺπόθεσιν
348 769 508 856 οὐδεμίαν
536 775 702 860 εὕρισκον,
729 773 774 841 δι’
795 771 835 860 ἧς
861 775 1018 862 έκάτερον
1044 775 1176 852 τούτοις

154 879 255 966 ἐσται,
275 883 382 947 πολλά
401 882 439 947 δέ
454 883 665 965 βουλεύματα
680 882 888 968 πειράζοντες
903 883 959 948 καί
975 881 1177 968 στρέφοντες

155 990 223 1054 ἀνω
242 989 298 1054 καὶ
316 989 403 1053 κάτω
424 990 462 1053 τὸ
483 998 617 1074 πρᾶγμα
639 994 856 1066 τελευτῶντες
879 987 933 1056 ἐπὶ
955 999 1110 1055 τοιοῦτον
1132 991 1176 1074 δή

154 1119 230 1160 τινα
253 1097 414 1179 λογισμὸν
435 1092 558 1180 ἦλθον·
588 1097 813 1178 αἰτιασάμεθα
835 1098 1063 1162 συνίστασθαι
1082 1119 1176 1174 τινας

154 1201 191 1268 ἐκ
213 1213 281 1268 τῶν
299 1201 473 1288 ἐπιφανῶν
492 1201 547 1268 ἐπί
569 1203 746 1268 καταλύσει
767 1213 827 1269 τοῦ
852 1204 970 1288 δημου,
993 1204 1049 1269 καλ
1071 1204 1176 1289 σφάτ-

111 1330 137 1370 10
155 1333 225 1375 τετυ
254 1309 470 1395 διεγνωκέναι
498 1305 585 1387 τοὺς
606 1309 810 1395 παρέχοντας
839 1311 927 1399 αὑτῶ
955 1313 992 1377 τὸ
1021 1310 1176 1397 ἀσφαλές.

117 1417 210 1482 λκαλ
237 1427 341 1483 ταῦτα
367 1416 403 1483 ἐκ
430 1422 557 1482 πολλοῦ
580 1418 890 1502 παρασκευάσαντες
913 1417 1071 1501 λέγεσθαι
1093 1419 1176 1484 κατὰ

155 1525 217 1608 τὴν
235 1527 344 1607 πόλιν,
368 1525 449 1589 ὅταν
466 1524 530 1607 ἤδη
551 1525 651 1588 πιστά
674 1518 760 1590 εἶναι
782 1534 852 1602 τοῖς
874 1529 1011 1602 πολλοῖς
1033 1523 1113 1616 δόξῃ
1131 1563 1177 1572 -

156 1628 245 1708 δόξει
281 1630 319 1695 δέ
355 1630 411 1695 διά
447 1632 484 1696 τὸ
522 1631 597 1708 δέος
629 1669 672 1678 -
704 1629 878 1708 ἐπιστολάς
909 1633 1177 1716 μηχανησαίμεθα

155 1743 290 1803 πολλῶν
322 1739 499 1823 παρόντων
529 1739 610 1822 ἡμῖν
641 1736 698 1802 ὑπ’
725 1734 848 1822 ἀνδρὸς
881 1738 1028 1822 ἀγνῶτος
1056 1738 1176 1805 ἀναδο-

112 1865 137 1904 ιτ
154 1851 272 1930 θῆναι·
301 1841 401 1909 ἔπειτ’
418 1843 576 1922 ἐλθόντες
599 1843 653 1910 έπλ
676 1845 713 1910 τὸ
737 1844 917 1931 συνέδριον
940 1842 1177 1929 ἀγανακτῶμέν

156 1975 191 2016 τε
214 1952 270 2017 καλ
293 1952 531 2036 σχετλιάζωμεν
552 1952 608 2017 καλ
631 1961 690 2018 τοῦ
715 1955 822 2037 ζητεῖν
844 1954 884 2018 τά
905 1954 1177 2038 προσηγγελμένα

117 2059 136 2122 8
158 2061 299 2142 αἰτῶμεν
326 2060 388 2142 την
415 2057 578 2136 ἐξουσίαν.
625 2058 683 2125 ἐάν
710 2082 745 2124 τε
770 2061 834 2144 γάρ
858 2058 1074 2143 ἀντιλέγωσιν
1096 2061 1177 2143 ημῖν

157 2168 189 2232 ol
216 2169 398 2252 πατρίκιοι,
426 2167 550 2251 ταύτην
573 2168 748 2250 ληψόμεθα
775 2175 836 2231 τοῦ
859 2167 1031 2248 διαβαλεῖν
1055 2167 1177 2243 αὐτοὺς
1187 2182 1262 2231 2016

156 2275 239 2359 πρὸς
262 2276 322 2339 τὸν
345 2275 452 2358 δῆμον
475 2270 642 2359 ἀφορμήν,
665 2274 721 2338 καλ
744 2273 849 2350 οὑτως
872 2274 961 2338 ἀπαν
983 2275 1021 2338 τὸ
1045 2275 1178 2357 δημοτι-

113 2400 138 2439 ιο
156 2382 218 2445 κὸν
240 2380 449 2466 ἠγριωμένον
472 2381 585 2457 αὐτοῖς
598 2379 740 2463 ’ἕτοιμον
762 2381 842 2464 ἡμῖν
866 2382 913 2458 είς
936 2379 956 2444 δ
984 2382 1178 2462 βουλόμεθα

157 2484 308 2571 ὑπάρξει·
343 2485 402 2551 έάν
433 2509 468 2551 τε
501 2498 711 2573 συγχωρῶσι,
748 2490 826 2564 τοὺς
857 2487 1112 2571 γενναιοτάτους
1143 2485 1177 2564 ἐξ

158 2595 270 2660 αὐτῶν
296 2594 352 2658 καί
379 2598 516 2658 πλεῖστα
542 2596 623 2678 ἡμῖν
646 2592 908 2672 ἐναντιωθέντας
931 2594 1178 2680 πρεσβυτέρους

157 2723 192 2764 τε
224 2700 280 2764 καὶ
311 2699 409 2776 νέους
441 2699 642 2784 ἐλαύνωμεν,
675 2701 719 2778 ὡς
751 2701 925 2786 εὑρηκότες
955 2711 1026 2778 ταῖς
1058 2703 1178 2778 αἰτίαις

118 2805 304 2892 9ἐνόχους.
350 2805 472 2872 ἐκεῖνοι
499 2808 537 2872 δέ
564 2809 628 2894 ἀρα
655 2810 713 2885 τάς
740 2809 961 2892 καταγνώσεις
989 2807 1177 2891 δεδιότεςῆ

114 2933 139 2974 ει
159 2917 386 2998 συμβήσονται
403 2917 487 3000 πρὸς
504 2915 588 2998 ἡμᾶς
607 2913 661 2981 ἐπὶ
679 2926 724 3003 τῷ
743 2916 852 3000 μηθέν
876 2912 924 2980 ἔτι
948 2914 1178 2999 ἀντιπράττειν

157 3021 178 3105 ἢ
202 3027 394 3087 καταλιπεῖν
418 3019 732 3107 ἀναγκασθήσονται
754 3025 815 3107 την
838 3024 945 3088 πόλιν.
988 3020 1024 3087 ἐκ
1043 3022 1081 3088 δέ
1102 3022 1178 3086 τοὺ-

158 3151 218 3192 του
242 3130 370 3212 πολλὴν
392 3133 574 3214 ποιήσομεν
597 3128 737 3215 ἐρημίαν
758 3138 819 3194 τοῦ
843 3128 1034 3195 ἀντιπάλου.

234 3248 542 3323 1σνν<ι>δόντεςΒῶ
597 3251 791 3317 4άξιῶσιΒιι
810 3252 896 3316 ἀξιάσ
929 3250 1005 3305 ABb
1062 3256 1095 3304 10
1113 3251 1179 3311 τοὺς

160 3319 196 3390 μὴ
211 3319 385 3390 παρέχοντας
399 3322 421 3376 Ο
436 3323 607 3391 praeterBa
659 3329 691 3375 12
712 3319 791 3394 δόξῃ]
812 3273 921 3392 δοκῇέδ
973 3328 1005 3374 17
1021 3321 1177 3390 αἰτῶμενΒ

161 3394 252 3461 δῶμεν
270 3393 296 3444 R
317 3393 319 3464 ί
340 3393 391 3462 τὴν
410 3396 439 3447 ετ
456 3396 556 3462 postea
574 3413 603 3447 τε
622 3410 676 3447 om.
692 3393 714 3447 Ο
728 3393 878 3461 praeterB
940 3397 974 3444 20
993 3389 1177 3463 ἠγριωμένον]

162 3463 196 3516 οῖ.
216 3462 311 3517 Νεῶεε
328 3464 430 3519 Mnem.
446 3470 533 3531 30‚25
602 3470 635 3516 23
656 3462 788 3531 ἐλάσομεν
807 3479 829 3516 c.
849 3462 972 3532 Sylburg
1040 3469 1074 3516 26
1093 3483 1179 3516 κατα-

162 3534 235 3606 λ<ι>
243 3543 306 3589 πεῖν
325 3534 371 3588 Bb
433 3542 465 3588 27
485 3545 541 3589 τῶν
561 3533 721 3588 ἀντιπάλων
740 3549 762 3587 ο.
783 3532 954 3601 Grasberger
972 3532 1044 3587 Phil.
1060 3537 1102 3598 28,
1118 3539 1178 3598 346,
