2662 3920
569 228 725 276 --1-
1110 223 1153 288 ει

134 363 204 431 τοῖς
234 352 362 435 σώμασι
391 353 453 436 την
483 351 600 416 ἀδειαν
626 349 667 416 τά
689 373 725 415 τε
749 351 835 416 ὅπλα
858 349 1079 432 ἀποθεμένοις
1101 349 1156 413 καί

134 458 212 526 καθ’
242 459 301 525 ἕνα
330 457 511 536 διεξιοῦσιν
540 457 606 523 ὑπὸ
637 454 749 542 ζυγόν,
775 457 914 545 Γράγχῳ
945 457 983 522 δὲ
1009 465 1054 544 τῷ
1081 457 1157 540 ἡγε-

135 569 213 650 μόνι
240 577 307 632 τῶν
335 567 502 648 πολεμίων
529 565 585 630 καλ
614 574 685 642 τοῖς
714 567 779 630 σὺν
810 563 925 653 ἐκείνῳ
954 563 1157 648 βουλεύσεσι

135 675 197 758 την
225 671 409 739 ἀπόστασιν
423 673 481 750 ιὼς
509 673 679 754 πολεμίοις
708 675 912 757 χρῄσασθαι,
942 669 1095 737 ἐκέλευσέ
1121 692 1157 734 τε

136 781 249 857 αὐτοῖς
279 781 373 864 ἀγειν
402 781 480 856 τοὺς
510 780 636 864 ἀνδρας
665 778 870 862 δεδεμένους.
920 751 1202 880 ὑπομενόντυνἿ5

136 885 174 953 δὲ
214 895 317 952 ταῦτα
357 897 425 954 τῶν
463 887 623 952 Αἰκανῶν
663 891 855 952 τελευταῖον
896 885 1009 962 αὐτοῖς
1050 882 1158 950 έκεῖνο

136 991 349 1080 προσέταξεν·
373 992 486 1079 ἐπειδη
511 994 662 1060 Τύσκλον
682 996 782 1060 πόλιν
801 991 967 1076 Ῥωμαίων
986 991 1159 1076 σύμμαχον

135 1099 461 1187 ἐξηνδραποδίσαντο
488 1101 544 1166 καί
572 1101 760 1187 διῄρπασαν
787 1100 889 1166 οὐδὲν
915 1097 982 1165 ὑπὸ
1012 1099 1160 1164 Τυσκλά-

136 1232 207 1274 νων
230 1210 397 1286 παθόντες
420 1209 534 1292 κακόν,
560 1207 818 1293 ἀντιπαρασχεῖν
841 1205 947 1293 ἑαυτῷ
970 1207 1070 1272 πόλιν
1092 1215 1159 1270 τῶν

53 1315 319 1401 εοεσσιγετέρων,
357 1319 553 1401 Κορβιῶνα,
591 1315 632 1380 τά
669 1315 766 1397 ὅμοια
802 1315 980 1380 διαθεῖναι.
1039 1313 1160 1389 ταύτας

138 1424 297 1505 λαβόντες
328 1424 386 1500 τάς
418 1423 609 1508 ἀποκρίσεις
634 1423 676 1487 ὀί
712 1419 866 1508 πρέσβεις
902 1431 970 1486 τῶν
1001 1420 1160 1484 Αἰκανῶν

138 1529 307 1618 προῄεσαν
342 1530 398 1594 καί
434 1524 503 1611 μετ’
535 1529 575 1594 οὐ
613 1531 699 1594 πολὺ
737 1538 891 1614 παρῄσαν
928 1529 1064 1612 άγοντες
1100 1527 1160 1592 τὸν

139 1635 293 1718 Γράγχον
315 1636 371 1700 καί
393 1637 472 1712 τοὺς
495 1639 560 1701 σὺν
583 1635 671 1721 αὐτῷ
695 1635 905 1718 δεδεμένους·
934 1633 1029 1700 αὐτοὶ
1056 1633 1095 1698 δὲ
1120 1635 1161 1698 τά

140 1741 226 1806 ὅπλα
247 1741 366 1819 θέντες
388 1740 539 1820 ἐξέλιπον
561 1743 623 1828 την
644 1743 857 1828 παρεμβολὴν
876 1743 1161 1827 διαπορευόμενοι,

139 1847 291 1934 καθάπερ
328 1848 346 1914 ὁ
384 1852 566 1936 στρατηγὸς
602 1848 768 1934 ἐκέλευσε,
810 1851 866 1914 διά
902 1857 962 1914 τοῦ
995 1847 1162 1931 Ῥωμαίων
1180 1866 1206 1908 ιε

139 1956 281 2042 χάρακος
302 1953 381 2022 καθ’
400 1956 459 2022 ἕνα
481 1957 548 2023 ὑπὸ
572 1959 684 2042 ζυγόν,
712 1957 768 2022 καί
793 1958 854 2041 την
877 1959 1058 2042 Κορβιῶνα
1080 1957 1162 2021 κατά

139 2064 197 2140 τάς
219 2062 396 2148 ὁμολογίας
418 2064 620 2150 παρέδοσαν,
646 2066 687 2128 τά
714 2062 878 2148 έλεάθερα
901 2063 1034 2144 σώματα
1056 2063 1161 2144 μόνον

1178 1287 1198 1351 8

1178 1376 1204 1415 1⁰

40 2167 42 2172 ’
140 2169 289 2248 ἐξελθεῖν
308 2171 535 2256 αἰτησάμενοι,
554 2171 631 2257 περί
650 2165 698 2236 ὧν
717 2168 896 2255 διήλλαξαν
913 2171 992 2246 τοὺς
1016 2168 1162 2234 Τυσκλά-

47 2301 49 2304 ·
140 2302 210 2344 νων
234 2279 468 2362 αἰχμαλώτους.

211 2383 312 2450 XXV.
343 2387 556 2470 Παραλαβὼν
589 2384 627 2450 δὲ
658 2383 677 2450 ὁ
709 2385 867 2461 Κοίντιος
898 2385 959 2468 την
990 2384 1090 2448 πόλιν
1122 2384 1162 2448 τά
1181 2403 1207 2442 εο

140 2491 202 2574 μὲν
229 2489 473 2576 ἐπιφανέστατα
499 2503 567 2558 τῶν
596 2491 758 2578 λαφύρων
786 2491 833 2567 εἰς
856 2488 981 2574 Ῥώμην
1011 2489 1162 2556 ἐκέλευσε

141 2597 267 2684 φέρειν,
308 2599 349 2662 τά
390 2595 420 2662 δ’
452 2599 536 2664 ἀλλα
572 2599 680 2664 πάντα
717 2597 888 2663 διελέσθαι
924 2599 1007 2662 κατά
1043 2599 1163 2682 λόχους

141 2703 298 2791 ἐπέτρεψε
325 2715 396 2782 τοῖς
422 2728 458 2770 τε
485 2707 550 2770 σὺν
578 2705 667 2791 αὐτῷ
697 2703 979 2791 παραγενομένοις
1006 2705 1162 2789 στρατιά-

140 2833 211 2889 ταις
237 2812 293 2877 καί
320 2823 390 2889 τοῖς
417 2813 483 2894 άμα
510 2815 656 2900 Κοιντίῳ
684 2823 729 2899 τῷ
752 2813 853 2898 ταμίᾳ
875 2817 1161 2896 προαποσταλεῖσι.

141 2928 210 2996 τοῖς
240 2919 278 2984 δὲ
306 2920 387 3002 μετά
414 2921 595 3003 Μηνυκίου
625 2928 685 2985 τοῦ
716 2919 845 2984 ὑπάτου
875 2917 1162 2984 κατακλυσθεῖσαν
1181 2937 1207 2977 ει

214 3100 228 3148 1
245 3095 368 3164 σάμασιν
382 3094 405 3147 Β
419 3093 470 3164 τὴν
486 3096 552 3148 ante
567 3093 666 3149 ἄδειαν
681 3095 735 3150 del.
751 3111 812 3150 esse
826 3111 850 3149 ο.
864 3094 1008 3162 Kiessling
1061 3099 1078 3146 4
1096 3093 1163 3164 χρῄ-

143 3169 250 3220 σασθαι
269 3165 291 3220 Ο
315 3165 471 3236 χρήσεσθαι
489 3165 612 3236 Sylburg
671 3172 686 3220 5
707 3165 835 3239 <ἀγ>ειν
853 3165 900 3219 Bb
961 3171 975 3218 ῖ
994 3165 1121 3219 τόοκλον
1140 3165 1162 3218 Β

143 3241 159 3290 9
178 3236 360 3308 ἀντιπάσχειν
378 3237 425 3291 Ba
446 3238 448 3310 ῄ
471 3237 560 3292 ἑαυτά)
577 3237 654 3291 ΑΒε
671 3238 788 3309 mam&
803 3237 850 3290 Bb
910 3243 943 3292 11
961 3245 1017 3290 τῶν
1036 3237 1163 3290 αἰκανῶν

143 3308 250 3361 add.B
325 3315 357 3363 12
383 3305 526 3381 προῄεσαν
543 3293 572 3364 '0
601 3304 728 3381 ἀπῄεσαν
755 3291 905 3378 S‘ylburgio
931 3310 1045 3362 auctore
1070 3307 1163 3361 Kiess-

143 3377 248 3448 lingius
275 3380 383 3449 recepit
409 3382 440 3435 in
467 3383 576 3436 textum
611 3380 614 3453 ί
649 3381 698 3434 καί
723 3378 825 3450 μετατ”
848 3399 881 3434 ου
903 3379 949 3432 Ba
977 3387 1094 3448 μετανοεῖ
1116 3378 1162 3431 Bb

144 3455 179 3504 14
197 3447 335 3514 ἐξέλειπον
353 3451 400 3505 Ba
473 3459 506 3508 16
529 3449 600 3506 καθ’
621 3449 672 3506 ἕνα
695 3468 748 3506 om.
764 3451 790 3505 ’Β
864 3455 898 3504 18
916 3450 980 3518 περλ
1000 3449 1022 3505 Ο
1045 3450 1115 3518 δπδρ
1139 3465 1161 3503 c.

142 3521 244 3577 Portus
316 3527 351 3576 23
371 3521 459 3597 ἑαυτῷ
474 3523 551 3577 ΑΒε
