2668 3922
157 212 224 278 250
573 241 607 250 -
644 214 689 264 Μ
726 241 760 250 ·-

226 335 298 403 IIH.
322 334 373 425 (6)
397 337 551 414 Μάλλιος
578 337 596 402 ὁ
622 335 834 423 ἀριστεύσας,
863 337 916 403 ὅτε
940 339 987 415 εἰς
1010 339 1047 403 τὸ
1071 341 1179 403 Καπι-

156 445 277 510 τώλιον
305 442 456 527 Ῥωμαῖοι
487 443 690 528 κατέφυγον,
726 444 937 510 κινδυνεύων
968 444 1024 508 διά
1057 468 1178 531 τυραν-

155 552 250 628 νίδος
273 550 428 618 ἐπίθεσιν
451 550 652 634 ἀπολέσθαι,
680 550 805 634 βλέψας
833 551 881 628 εἰς
903 552 941 616 τὸ
964 553 1179 618 Καπιτώλιον

155 659 211 724 καί
242 658 301 736 τὰς
329 668 442 745 χεῖρας
471 657 618 735 ἐκτείνας
648 659 695 735 εἰς
725 659 784 723 τὸν
814 655 852 723 ἐν
882 658 972 746 αὐτῷ
1002 660 1088 724 νεὼν
1117 668 1178 725 τοῦ

124 767 239 843 ιΛιὸς
276 759 382 832 εἶπεν·
419 762 492 830 οὐδ’
524 763 650 842 ἐκεῖνος
687 764 704 831 ὁ
737 767 838 843 τόπος
872 766 984 842 ἱκανὸς
1016 762 1107 831 ἐσται
1138 789 1178 848 με

155 885 276 958 σῶσαι,
313 871 353 938 δν
384 871 451 937 ὑπὸ
483 883 552 938 τῶν
583 871 764 959 βαρβάρων
795 871 1004 956 κρατηθέντα
1035 872 1178 940 διέσωσα

154 979 235 1063 ύμῖν
259 977 338 1063 ἐγύ;
366 978 450 1044 ἀλλά
476 979 532 1044 καῖ
559 981 633 1045 τότε
655 977 740 1064 ὑπὲρ
766 978 861 1061 ὑμῶν
884 979 1100 1064 ἀπέθνησκον
1122 981 1178 1046 καλ

154 1095 220 1152 νῦν
242 1083 302 1171 ὑφ’
320 1086 415 1169 ὑμῶν
439 1085 683 1168 ἀποθανοῦμαι.
729 1087 803 1151 τότε
830 1086 892 1168 μὲν
915 1080 978 1152 οὖν
1001 1091 1178 1172 συμπαθή-

155 1211 272 1271 σαυτες
301 1193 435 1277 ἀφῆκαν
464 1193 578 1276 αὐτόν,
607 1192 811 1277 ὕστερονδὲ
838 1195 920 1258 κατά
947 1203 1097 1278 κρημνοῦ
1124 1192 1177 1279 ἐρ-

110 1320 136 1360 ιο
155 1304 246 1387 ρίφη.
292 1300 402 1366 Ambr.

225 1407 265 1473 V.
289 1405 340 1495 (7)
364 1409 542 1493 Κρατήσας
568 1417 637 1472 τῶν
660 1409 828 1489 πολεμίων
850 1408 907 1473 καί
933 1409 995 1492 τὴν
1018 1410 1176 1493 στρατιάν

153 1512 333 1591 ἐπικλύσας
354 1523 426 1591 ταῖς
445 1513 621 1598 ὠφελείαις
639 1516 735 1590 Τίτος
752 1516 910 1591 Κοίντιος
933 1515 1176 1600 δικτατορεύων

153 1619 191 1685 ἐν
212 1620 349 1706 ἡμέραις
372 1618 470 1686 ἐννέα
493 1621 605 1696 πόλεις
628 1619 726 1686 ἐννέα
749 1624 916 1703 πολεμίων
939 1617 1066 1704 ἐλαβεν.

224 1725 424 1811 Ληφθέντες
453 1725 695 1812 ἀμφοτέρωθεν
725 1727 889 1812 ἀγεληδὸν
919 1729 952 1794 ολ
980 1734 1176 1812 θεοστυγεῖς

108 1852 134 1893 ιι
152 1835 389 1917 κατεκόπησαν.
434 1833 544 1900 Ambr.

224 1938 280 2005 VI.
304 1939 354 2026 (8)
383 1936 453 2006 Ὅτι
479 1941 512 2006 ολ
535 1937 685 2022 Ῥωμαῖοι
707 1946 975 2027 μεγαλοπρεπεῖς.
1021 1951 1089 2006 τῶν
1111 1942 1175 2025 γάρ
1185 1958 1261 2008 2310

153 2047 263 2112 ἀλλων
296 2047 411 2132 ὀλίγον
445 2048 517 2113 δεῖν
549 2047 685 2113 πάντων
717 2044 755 2113 ἐν
786 2069 821 2112 τε
853 2058 923 2124 τοῖς
954 2058 1080 2125 κοινοῖς
1108 2058 1176 2114 τῶν

152 2155 282 2219 πόλεων
303 2154 472 2240 πράγμασι
494 2155 550 2220 καί
573 2153 610 2221 ἐν
632 2165 703 2232 τοῖς
727 2156 825 2232 ἰδίοις
847 2157 933 2238 βίοις
956 2157 1040 2241 πρὸς
1061 2156 1102 2220 τά
1124 2178 1175 2220 τε·

152 2265 287 2325 λευταῖα
316 2271 383 2326 τῶν
414 2264 669 2345 συμβαινόντων
696 2263 754 2340 τάς
777 2263 928 2339 διανοίας
950 2268 1175 2348 μεθαρμοττο-

106 2386 133 2426 ιο
151 2365 261 2447 μένων
283 2367 339 2432 καλ
362 2369 520 2446 πολλάκις
543 2366 667 2454 ἔχθρας
689 2392 725 2434 τε
745 2369 888 2454 μεγάλας
906 2370 962 2434 διά
979 2370 1038 2446 τάς
1056 2369 1175 2454 τυχού-

152 2489 212 2549 σας
239 2477 495 2558 φιλανθρωπίας
518 2476 774 2558 καταλυομένων
796 2477 852 2542 καλ
875 2479 989 2561 φιλίας
1010 2481 1175 2560 πολυχρο-

150 2581 246 2656 νίους
269 2580 325 2645 διά
347 2583 447 2664 μικρά
469 2582 525 2648 καί
544 2588 657 2667 φαῦλα
675 2583 933 2667 προσκρούματα
951 2583 1175 2668 διαιρούντων

151 2685 273 2752 ἐκεῖνοι
290 2685 490 2752 τούναντίον
509 2686 563 2753 ἐπί
581 2700 649 2755 τῶν
668 2692 778 2774 φίλων
797 2686 903 2777 η’ύοντο
917 2699 1037 2775 χρῆναι
1054 2698 1174 2772 ποιεῖν,

150 2803 222 2872 ταῖς
251 2817 286 2859 τε
316 2798 470 2871 παλαιαῖς
500 2795 704 2881 εὐεργεσίαις
730 2799 925 2881 χαρίζεσθαι
946 2798 1005 2873 τὰς
1028 2794 1082 2862 ἐπί
1104 2805 1175 2873 τοῖς

150 2901 356 2986 προσφάτοις
379 2898 580 2984 ἐγκλήμασιν
601 2903 710 2988 ὀργάς.
757 2901 807 2990 (9)
833 2904 1033 2987 Θαυμαστὸν
1051 2903 1113 2986 μὲν
1131 2904 1174 2990 δὴ

150 3008 205 3072 καλ
234 3017 333 3073 τοῦτο
363 3018 430 3072 τῶν
460 3007 606 3093 ἀνδρῶν·
640 3009 724 3094 λέγω
753 3010 850 3076 δὲτὸ
874 3011 992 3095 μηδενί
1015 3026 1174 3094 μνησικα-
1225 3041 1228 3050 =

149 3123 248 3197 κῆσαι
283 3125 351 3183 τοῖν
391 3113 603 3199 Τυσκλάνων,
641 3116 725 3182 ἀλλὰ
761 3117 887 3194 πάντας
923 3117 1059 3202 ἀφεῖναι
1094 3119 1174 3194 τοὺς

150 3217 390 3306 ἐξαμαρτόντας
409 3221 577 3306 ἀζημίους·
595 3228 708 3310 πολλῷ
727 3223 758 3288 δ’
776 3221 824 3289 έτι
841 3224 963 3289 τούτου
979 3225 1174 3307 θαυμασιώ-

110 2871 131 2936 2

106 2959 132 3000 25

220 3392 309 3450 4τὸν
333 3395 478 3452 ἑαναύτῶυ
500 3397 642 3463 Ambr.Q
716 3376 887 3453 6διέσωιέά
908 3398 1003 3454 Ambr.
1078 3400 1173 3454 ῖάιι-

149 3463 303 3538 ἔθνησκον]
323 3468 491 3522 mutandum
509 3486 566 3524 non
585 3472 640 3536 οετ,
660 3469 759 3523 Struve
778 3472 854 3524 errat
