2654 3916
457 730 866 831 EXOERPTA

637 913 686 968 EX

502 1063 644 1138 LIBRO
675 1063 823 1137 XVIIII

221 1414 246 1483 I.
274 1414 341 1504 (17,
367 1412 492 1502 1)”οτι
518 1417 660 1502 Κρότων
687 1417 783 1493 πόλις
810 1413 848 1481 ἐν
871 1413 993 1502 Ἰταλίᾳ
1019 1413 1089 1480 ἐστί
1116 1416 1172 1481 καί

150 1523 302 1609 Σύβαρις
329 1523 394 1590 ἀπὸ
421 1532 481 1590 τοῦ
509 1523 757 1610 παραρρέοντος
785 1531 935 1606 ποταμοῦ
963 1521 1069 1600 οὕτως
1095 1527 1172 1607 ιιλη-

149 1637 258 1698 θείσα.

213 1734 288 1804 Ὅτε
309 1737 567 1820 Λακεδαιμόνιοι
589 1740 753 1822 Μεσήνην
776 1735 961 1820 ἐπολέμουν
988 1737 1044 1803 ιιαλ
1072 1737 1212 1824 χηρος2

151 1843 286 1931 ἀνδρῶν
303 1845 323 1929 ἡ
343 1847 439 1923 πόλις
456 1841 510 1930 ἦν,
529 1843 701 1928 δεομέναις
718 1849 791 1923 τάίς
808 1843 941 1929 γυναιξί
958 1845 1014 1910 καί
1032 1844 1174 1928 μάλιστα
1205 1864 1217 1904 ι

151 1961 223 2029 ταλς
244 1949 282 2018 ἐν
305 1949 391 2038 άιιμῄ
413 1951 597 2038 παρθένοις
615 1952 659 2036 μη
678 1952 841 2036 περιιδεῖν
858 1953 917 2029 τάς
934 1952 996 2034 μὲν
1014 1951 1173 2037 ἀγάμους,

150 2059 209 2136 τάς
238 2058 276 2124 δέ
307 2058 466 2137 ἀτέκνους
491 2057 668 2144 γινομένας
695 2056 880 2140 ἐπέμποντό
907 2081 996 2135 τινες
1023 2057 1074 2123 άεί
1101 2058 1173 2124 νέοι

152 2164 321 2248 παραλλάξ
345 2165 409 2230 ἀπὸ
434 2173 493 2230 τοῦ
517 2163 743 2249 στρατοπέδου
761 2174 819 2249 τῆς
836 2161 954 2248 μίξεως
971 2174 1039 2231 τῶν
1057 2189 1173 2248 γυναι-

151 2280 221 2335 κῶν
249 2270 344 2336 ἕνεκα
371 2271 427 2336 καλ
454 2267 633 2360 συνῄεσαν,
666 2260 718 2347 αίς
745 2268 946 2356 ἐπιτύχοιεν·
978 2269 1015 2338 ἐκ
1044 2272 1173 2338 τούτων

151 2378 303 2460 γίνονται
320 2387 389 2442 τῶν
409 2376 610 2461 ἀδιαιρέτων
628 2373 800 2460 ἐπιμιξιῶν
817 2378 944 2463 παίδες,
967 2377 1027 2456 οὓς
1044 2378 1174 2466 άνδρω-
1192 2400 1218 2439 ιο

151 2483 274 2562 θέντας
306 2485 339 2549 ol
368 2483 626 2566 Λακεδαιμόνιοι
657 2484 919 2569 προεπηλάκιζον
950 2485 991 2550 τά
1022 2508 1057 2551 τε
1089 2487 1173 2552 άλλα

152 2592 208 2659 καί
231 2593 427 2678 Παρθενίας
454 2593 715 2677 προσηγόρευον.
760 2587 812 2679 (2)
835 2592 991 2671 Στάσεως
1018 2592 1056 2659 δέ
1078 2593 1212 2677 ravo-3

152 2699 253 2785 μένης
281 2696 480 2783 ἡττηθέντες
510 2698 543 2763 οἱ
572 2700 754 2783 παρθενίαι
780 2698 1013 2786 ἀναχωροῦσιν
1043 2698 1173 2778 έιιόντες

153 2803 274 2892 ἐνιπῆς
300 2807 428 2882 πόλεως
458 2804 515 2870 καί
546 2804 732 2888 πέμψαντες
758 2807 806 2884 είς
832 2809 991 2894 Δελφοὺς
1024 2807 1174 2892 χρησμὸν

153 2909 275 2997 ἔλαβον
302 2919 399 2979 πλεῖν
426 2913 474 2989 είς
497 2908 651 2996 Ἰταλίαν,
678 2909 873 2997 ἐξευρόντας
900 2913 938 2979 δέ
964 2915 1089 2998 χωρίον
1115 2921 1174 2998 της
1192 2933 1218 2973 ιι

224 3110 242 3158 4
269 3105 416 3178 Μεσήνην]
450 3105 485 3160 of.
518 3103 599 3160 Dion.
626 3103 690 3160 Hal.
717 3103 769 3158 XX
791 3111 851 3173 4‚1
891 3104 895 3178 λ
939 3102 1106 3233 saeuum}
1136 3106 1171 3161 cf.

154 3173 286 3230 Zamokii
307 3177 405 3232 Litter.
429 3175 555 3231 Univers.
577 3180 655 3244 18⁷3,
669 3181 722 3231 898
748 3176 838 3232 Kxebs
864 3175 919 3231 Zur
940 3177 1019 3232 Roet.
1039 3178 1065 3232 d.
1107 3194 1172 3232 αεοε

153 3247 272 3316 Ι(1887)
286 3264 314 3316 p.
330 3254 362 3302 11
381 3248 441 3302 und
460 3247 514 3302 Zur
526 3248 604 3302 Roob.
620 3247 647 3302 d.
662 3245 749 3302 Casus
761 3248 858 3319 Progr.
872 3247 1011 3319 Regensb.
1025 3254 1103 3317 1885,
1116 3254 1150 3303 18
1166 3249 1169 3321 λ

153 3336 238 3389 χρος
260 3317 356 3374 Ambr.
378 3319 401 3385 Q
427 3318 527 3390 ἔρημος
549 3317 645 3374 Ambr.
664 3319 691 3373 A
763 3325 779 3374 ’λ
803 3339 866 3390 μινο
900 3339 953 3383 νας
974 3319 1070 3376 Ambr.
1093 3339 1173 3391 ηενο-

187 3408 239 3514 νῦς
258 3405 281 3444 ο,
295 3388 438 3460 Kiessling
506 3395 538 3445 11
558 3389 791 3464 προεπηλάκιζον]
811 3391 847 3447 οἰ.
884 3390 975 3461 οοολιμ
992 3392 1058 3448 Aur.
1076 3392 1172 3462 Progr.

153 3479 181 3531 p.

210 3574 314 3618 mom.
323 3575 387 3617 mn.
395 3575 436 3618 Π.
450 3581 491 3619 m.
500 3575 607 3620 mont.
980 3575 1012 3625 19
