2654 3916
168 213 233 280 318
597 216 765 266 -Κ-

169 339 253 425 ράγη
277 339 315 404 τὸ
338 338 408 405 κατ’
426 339 550 416 αὐτοὺς
571 337 671 424 μέρος
693 349 751 424 τῆς
774 337 956 423 φάλαγγος,
979 339 1060 406 οὐδὲ
1078 341 1112 405 ol
1129 341 1194 425 τὴν
1314 345 1317 406 ι

168 448 312 532 πλησίον
330 446 442 512 αὐτῶν
460 446 619 529 λαβόντες
637 444 755 511 στάσιν
774 451 974 531 Ταραντῖνοι
994 446 1194 533 παρέμενον,

169 553 253 620 ἀλλὰ
285 552 502 639 ἐντρέψαντες
533 551 681 619 κάκεῐνοι
716 553 757 618 τὰ
793 565 883 620 νῶτα
918 564 988 632 τοῖς
1023 555 1194 637 πολεμίοις

169 657 323 746 ἔφευγον.
366 660 440 726 Αίλι.

138 787 151 828 ι
241 765 298 832 ΠΙ.
318 770 482 845 Βασιλεὺς
504 767 542 833 δέ
565 767 703 852 Πύρρος
726 767 771 845 ὡς
794 764 930 852 ἐμαδεν,
954 767 1006 833 ότι
1026 767 1194 834 Λευκανοί

169 874 226 940 καί
253 872 405 959 Βρέττιον
433 873 490 940 καί
522 879 721 959 Ταραντῖνοι
751 874 917 959 φεύγουσι
946 874 1195 960 προτροπάδην,

169 981 226 1047 καί
256 981 438 1065 λελώβηται
467 982 505 1048 τὸ
534 982 606 1047 κατ’
630 979 778 1059 ἐκείνους
807 980 907 1064 μέρος
933 982 953 1066 ἡ
983 979 1128 1067 φάλαγξ,
1158 980 1196 1048 ἐκ

170 1099 228 1172 τῆς
254 1084 334 1154 καθ’
352 1086 473 1155 ἐαυτὸν
497 1087 569 1173 ίλης
595 1087 695 1174 μέρος
721 1111 754 1153 τι
779 1088 951 1171 παραδοὺς
972 1086 1098 1174 ἑτέροις
1119 1089 1196 1174 ἡγε-

170 1197 264 1279 μόσι,
299 1195 356 1261 καί
392 1194 457 1261 άπὸ
493 1203 554 1261 τοῦ
587 1192 698 1272 δεξιοῦ
729 1194 867 1280 κέρατος
903 1193 1037 1281 ἐτέρους
1075 1197 1195 1280 ἱππεῖς,

125 1323 153 1363 ιο
171 1302 273 1380 ὅσους
298 1301 467 1385 ὑπέλαβεν
489 1299 615 1387 άρκελν,
643 1301 838 1368 ἀποστέλλει
862 1305 1014 1387 βοηθοὺς
1035 1311 1105 1380 τοῖς
1127 1301 1195 1368 ὑπὸ

170 1419 239 1476 τῶν
262 1406 429 1493 Ῥωμαίων
456 1407 679 1492 διωκομένοις.
725 1407 763 1475 έν
790 1400 909 1486 οἷςδέ
935 1417 1040 1474 ταῦτα
1067 1407 1196 1494 ἐγίνετο

170 1518 321 1602 χρόνοις,
351 1517 441 1602 παρὰ
469 1524 530 1581 τοῦ
560 1516 737 1598 δαιμονίου
764 1519 907 1601 βοήθεια
934 1525 1004 1594 τοῖς
1027 1513 1197 1598 Ρωμαίοις

130 1620 310 1708 2ἐκδηλος
336 1625 471 1707 γίνεται.
498 1625 681 1689 Δαυνίων
707 1623 770 1708 γάρ
798 1645 887 1701 τινες
914 1620 951 1688 ἐκ
977 1625 1105 1700 πόλεως
1125 1625 1197 1709 Ἀρ-

171 1732 361 1815 γυρίπποιν,
388 1730 432 1813 ἣν
454 1737 520 1794 νῦν
534 1727 682 1812 ’Ἀρπους
703 1735 858 1814 καλοῦσι,
885 1729 977 1810 πεζοί
999 1729 1061 1812 μέν
1083 1752 1197 1815 τετρα-

128 1855 153 1897 ιε
171 1838 339 1922 κισχίλιοι,
364 1836 474 1913 λππείς
496 1835 535 1902 δέ
558 1835 644 1922 ἀμφὶ
661 1839 740 1914 τοὺς
758 1838 1001 1922 τετρακοσίους,
1024 1835 1197 1923 ἐπίκουροι

172 1953 242 2022 τοῖς
269 1942 408 2022 ὑπάτοις
435 1941 690 2028 ἀποσταλέντες,
720 1943 765 2021 ὡς
792 1942 947 2029 ἐγένοντο
970 1945 1114 2029 πλησίον
1136 1951 1197 2009 τοῦ

173 2053 348 2134 βασιλικοῦ
372 2050 599 2138 στρατοπέδου
621 2054 685 2137 την
701 2052 784 2117 κατὰ
806 2051 916 2117 νώτου
938 2061 1007 2116 τῶν
1029 2052 1198 2133 πολεμίων

173 2159 324 2242 ἄγουσαν
356 2157 438 2224 ὁδὸν
470 2157 535 2224 άπὸ
566 2158 775 2242 ταύτομάτου
811 2159 1032 2244 πορευόμενοι
1051 2145 1123 2224 ’καλ
1158 2159 1197 2224 τὸ

173 2266 292 2331 πεδίον
328 2259 421 2331 εἶδον
457 2267 579 2348 μεστὸν
615 2265 818 2352 ἀνθρώπων,
854 2264 971 2348 ὀλίγον
1007 2263 1198 2350 ἐπισχόντες

128 2395 155 2434 ιο
174 2373 297 2438 αὐτόθι
323 2373 448 2457 χρόνον
474 2372 531 2438 καί
558 2375 738 2456 λογισμοὺς
764 2372 999 2449 παντοδαποὺς
1028 2373 1198 2456 λαβόντες,

174 2481 388 2562 καταβαίνειν
410 2477 472 2560 μέν
495 2477 560 2544 άπὸ
582 2488 650 2545 τῶν
672 2480 846 2566 μετεώρων
868 2479 924 2546 καί
951 2477 1198 2563 συλλαμβάνειν
1279 2509 1281 2514 ·

174 2595 234 2670 της
255 2585 359 2669 μάχης
382 2583 592 2670 ἀπέγνωσαν,
615 2586 692 2651 οὔτε
715 2586 779 2672 ὅπη
802 2609 835 2651 τι
858 2587 974 2672 φίλιόν
997 2583 1089 2651 ἐστιν
1112 2585 1199 2652 είδό·
1267 2584 1273 2598 ’

175 2715 229 2770 τες
266 2691 344 2757 οὔτε
380 2692 445 2776 ὅπη
482 2692 652 2776 πολέμιον,
688 2694 761 2758 οὔτ’
791 2690 830 2758 ἐν
861 2684 889 2781 β
920 2694 1030 2780 χωρίῳ
1063 2691 1199 2769 στάντες

176 2798 342 2886 ὠφέλειάν
377 2821 454 2865 τινα
489 2797 669 2884 παρέξουσι
705 2809 776 2877 τοῖς
812 2799 986 2884 σφετέροις
1017 2799 1200 2882 δυνάμενοι

130 2925 156 2967 ιι
177 2909 369 2989 συλλαβεῖν,
398 2905 576 2990 κράτιστον
605 2906 644 2971 δέ
672 2905 843 2990 ὑπέλαβον
871 2900 957 2972 εἶναι
986 2905 1200 2990 περιστάντες

176 3013 214 3078 τὸ
247 3012 474 3098 στρατόπεδον
504 3023 572 3079 τῶν
603 3014 772 3096 πολεμίων
799 3011 934 3098 ἐξελεῖν,
966 3013 1011 3090 ὡς
1037 3013 1135 3079 αὐτοί
1164 3035 1200 3078 τε

177 3121 302 3195 πολλὰς
324 3119 380 3184 καί
402 3119 504 3197 καλάς
525 3118 654 3198 ἕξοντες
672 3121 844 3207 ὠφελείας,
868 3122 898 3187 εί
915 3123 1114 3206 κρατήσειαν
1131 3129 1200 3185 τῶν

249 3337 265 3384 2
284 3327 427 3403 λαβόντες]
446 3334 481 3385 λα
481 3329 618 3401 χ.όυτεςο
633 3332 737 3388 Mffller
794 3338 811 3388 8
830 3331 938 3388 ἑαυτόν
956 3331 997 3387 είλ
997 3353 1031 3402 ης
1048 3332 1115 3386 Ath
1129 3348 1199 3386 corr.

177 3352 929 3547 όλλτπὴέὓέζὶεειέάιςῦπολέἐθξυλέάβεῑνὼέέόλι,βέυμβέοέῗέ
948 3493 972 3530 ο.
986 3353 1200 3544 ἕξεεέἐιέἐςω
