2668 3922
556 247 590 254 -
627 217 668 268 ῙΒ
706 245 739 253 -
1065 213 1069 221 ’
1095 217 1160 281 219

138 347 176 411 τὸ
198 344 412 409 Καπιτώλιον
435 342 501 424 ἅμα
523 351 593 419 τοῖς
615 344 811 424 βουλευταῖς
835 340 943 407 ἕωθεν
966 344 1161 426 κατειληφό-

139 456 192 528 τες
203 449 426 536 χ’,ἐφρούρουν
454 448 472 514 6
499 449 539 514 δὲ
560 451 707 526 Μαίλιος
735 447 837 514 οὐδὲν
860 448 1008 532 ἀκηκοὼς
1033 449 1162 514 τούτων

137 557 261 643 ήμέρας
283 556 464 641 γενομένης
484 557 663 641 προελθὼν
681 557 728 632 εἰς
745 556 808 639 τήν
827 555 954 640 ἀγορὰν
973 554 1162 642 ἐχρημάτιζε

9 695 11 702 ·
138 674 208 742 τοῖς
232 663 402 748 δεομένοις
427 662 482 730 ἐπὶ
504 665 732 748 τοῦιβήματος
754 665 987 746 καθεζόμενος·
1011 663 1067 729 καὶ
1089 659 1158 746 μετ’

139 772 200 837 οάἶ
213 774 299 838 πολὺ
332 782 443 858 παρήν
475 770 690 856 δῖππαρχος
717 771 916 855 Σερουίλιος
949 771 1032 856 πρὸς
1060 769 1163 850 αὐτὸν
1195 789 1207 830 ι

139 879 231 962 ἀγων
249 881 328 955 τοὺς
351 877 590 960 ἀκμαιοτάτους
611 882 680 943 τῶν
700 877 827 944 ἱππέων
845 875 982 962 ἔχοντας
1003 876 1070 942 ὑπὸ
1094 886 1163 954 τοῖς

142 983 388 1070 ῖματῖοιςξίμη
409 985 472 1058 καλ
500 985 579 1062 στὰς
602 986 749 1068 ’πλησίον
777 985 881 1050 αὐτοῦ
910 983 1022 1068 λέγει’,
1040 983 1063 1049 ’ὁ
1086 985 1179 1096 ,δικ-κ
1181 983 1203 1048 4

138 1091 246 1176 τάτωρ
270 1107 307 1158 σε
329 1093 472 1176 κελεύει,
495 1093 635 1174 Μαίλιε,
648 1093 742 1178 ’πρὸς
760 1091 864 1157 αὐτὸν
882 1091 988 1175 ήκειν·
1000 1091 1164 1170 ’κάκεῖνος

138 1198 327 1283 ὑποτυχών,
355 1209 465 1282 ποῖος,
493 1194 573 1283 ἔφη,
599 1199 728 1264 κελεύει
749 1222 804 1283 με,
832 1200 1025 1284 Σερουίλιε,
1053 1199 1164 1264 δικτά-

139 1329 206 1390 τωρ
225 1307 332 1391 πρὸς,
350 1306 454 1372 αὐτὸν
482 1303 609 1389 ἐλθεῖν,
639 1305 658 1371 6
688 1314 753 1372 ποῦ
781 1305 837 1370 καὶ
864 1307 944 1371 πότε
971 1307 1163 1389 γενόμενος;
1182 1325 1208 1366 ιο

139 1413 195 1478 καλ·
223 1413 291 1495 άμα
321 1412 556 1497 διαταραχθεὶς
576 1395 803 1498 Ἃπεριέβλεψεν
833 1413 880 1490 εἰς
909 1414 996 1489 τοὺς
1017 1412 1094 1498 περὶ
1125 1414 1164 1478 τὸ

139 1523 237 1603 βῆμα
274 1519 419 1605 ἀφασίας
438 1519 476 1585 δὲ
494 1521 644 1596 ἅπαντας
659 1521 887 1606 κατασχούσης
906 1520 1019 1594 διὰτὸ
1037 1518 1164 1604 μηδένα

139 1616 396 1711 γιγνώσκειν.τά
419 1625 613 1713 πραχθέντα
635 1625 702 1692 ὑπὸ
724 1635 783 1711 τής
805 1630 930 1712 βουλής
953 1625 1042 1711 λέγει
1062 1626 1164 1692 πάλιν

140 1733 158 1798 6
189 1736 398 1820 Σερουίλιος·
416 1732 652 1818 Γεῖσηγγέλλδης
683 1733 766 1819 χθὲς
793 1736 841 1812 ἐἰς
872 1736 934 1819 τήν
965 1729 1163 1819 βουλήν,·ὦ

140 1841 281 1926 Μαῖλιε,
316 1840 500 1926 νεωτέροιςΙ
527 1839 706 1926 ἐπιχειρεῖν
742 1841 944 1927 πράγμασιν,
972 1841 1066 1919 ’ἴσως
1102 1841 1164 1907 οὐκ
1183 1859 1208 1901 ιι

141 1945 456 2032 ἀληθῶς-οὐδενὸς
483 1949 548 2034 γάρ
576 1946 670 2027 ἀξιον
693 1947 757 2014 ἀπὸ
786 1958 843 2032 ιής
871 1949 977 2025 αἰτίας
1000 1969 1164 2034 προκατα-

140 2055 348 2139 γιγνώσκειν.
397 2056 523 2140 ταάτην
555 2053 703 2134 ἐξετάσαι
733 2056 804 2138 τήν
827 2058 973 2138 μήνυσιν
1004 2056 1025 2138 ή
1057 2052 1204 2138 βουλήῦ

140 2162 346 2248 προελομένη
371 2163 563 2248 δικτάτορος
581 2159 693 2246 ,ἔφησε
713 2163 873 2237 δεῖν’τοῖς
896 2161 1107 2245 πράγμασιν,
1120 2161 1164 2237 ὡς

140 2269 181 2334 οὐ
200 2271 261 2334 τὸν
279 2267 453 2354 ἐλάχιστον
470 2279 538 2334 τῶν
555 2268 726 2338 κινδύνων
744 2267 917 2353 τρέχουσα,
941 2267 996 2332 καὶ
1015 2265 1164 2344 ἀπέδειξε

81 2444 83 2448 ⁴
140 2385 198 2460 τῆς
227 2373 378 2452 ἐξουσίας
405 2375 526 2458 ταύτης
552 2375 672 2459 κύριον
693 2374 841 2440 Λεύκιον
863 2375 1026 2440 Κοίντιον
1048 2378 1164 2440 Κικιν-
1183 2393 1209 2434 ιο

140 2492 255 2567 νάιον,
287 2481 327 2546 δν
360 2474 463 2547 οἶσθα
495 2481 605 2566 δήπου
631 2481 687 2546 καλ
714 2483 757 2546 σὺ
784 2481 962 2566 κράτιστον
988 2481 1071 2546 ὅντα
1097 2490 1165 2546 τῶν

141 2590 324 2675 πατρικίων
342 2588 398 2654 καὶ
421 2587 473 2665 δῖς
494 2589 559 2674 ήδη
578 2588 702 2674 ταύτην
725 2587 954 2672 ἀνεπιλήπτως
975 2590 1165 2654 τετελεκόια

141 2697 202 2780 τήν
232 2695 347 2782 ἀρχήν.
399 2690 497 2774 οὗτος
527 2696 545 2762 6
576 2696 661 2782 ἀνήρ
693 2697 908 2780 δικαστήριόν
941 2711 995 2761 σοι
1025 2693 1204 2762 καθῖσαιδ

142 2805 197 2868 καὶ
229 2806 332 2888 λόγον
369 2801 556 2879 ἀποδοῦναι
592 2805 796 2887 βουλόμενος
832 2801 1036 2868 ἀπέσταλκεν
1060 2803 1164 2886 ’ἡμᾶς
1269 2795 1274 2808 ’

144 2907 200 2992 ἐμὲ
221 2912 281 2976 τὸν
304 2912 471 2998 ἵππαρχον
498 2911 564 2994 ἅμα
591 2911 703 2976 τοῖσδε
730 2919 801 2986 τοῖς
828 2908 1004 2995 ἀνδράσιν,
1027 2907 1165 2986 ἀξοντας
1183 2927 1209 2996 ιι

144 3032 181 3080 σε
207 3015 364 3102 ἀσφαλῶς
391 3016 446 3084 ἐπὶ
468 3018 530 3102 τήν
553 3016 745 3102 ἀπολογίαν.
791 3017 821 3082 εἰ
844 3015 882 3081 δὲ
908 3015 1013 3100 μηδὲν
1036 3013 1165 3080 ἀδικεῖν

144 3121 322 3208 πέπονθας,
353 3125 406 3192 ἴθι
433 3124 489 3190 καὶ
516 3124 591 3208 λέγε
617 3125 658 3189 τά
685 3125 797 3189 δίκαια
824 3123 900 3209 περὶ
928 3129 1053 3187 σαυτοῦ
1081 3121 1165 3208 πρὸς

217 3341 231 3388 1
258 3333 363 3400 ἔξωθεν
388 3335 450 3391 Εοο,
478 3334 570 3390 ἔωθεν
595 3332 697 3389 Mfiller
779 3339 795 3387 6
821 3333 867 3388 ἐπὶ
892 3333 954 3386 Εεο.
982 3329 1038 3388 ἀπὸ
1063 3332 1165 3387 Mffller

145 3411 178 3460 10
198 3403 270 3460 ὅπου
288 3405 350 3460 Εεο.
365 3422 433 3461 corr.
447 3407 538 3462 Foder
605 3411 638 3461 19
656 3403 784 3476 τρέχουσι
803 3421 826 3460 ο.
842 3403 1006 3460 dubitanter
1022 3404 1165 3474 Kiessling

145 3484 178 3532 25
199 3477 303 3544 άξοντα
320 3477 382 3531 Εεο.
401 3477 491 3532 Peder
509 3477 628 3545 ἄξοντας
645 3477 748 3533 Mfiller
