2656 3932
561 216 807 278 -IA-'
1098 227 1161 292 173

143 350 219 416 δίου
252 350 349 416 τουδὶ
380 356 543 416 τελευτῶν
575 352 635 416 τὸν
666 347 744 433 βίον
774 349 896 434 ἠξίωσέ
924 375 964 434 με
995 353 1056 417 τὸν
1085 353 1162 417 υἱὸν

143 458 248 522 αὐτοῦ
276 457 407 543 [παῖδα]
437 459 718 540 καταλειπόμενον
746 455 993 544 ἐπιτροπεῦσαι·
1026 459 1163 524 πελάται

143 561 173 628 δ’
188 565 253 630 είσί
270 574 328 648 τής
347 567 453 643 οίκίας
470 566 566 649 ἡμῶν
583 563 620 630 ἐκ
642 566 828 648 προγόνων.
865 563 903 630 ἐν
923 565 961 630 δέ
983 576 1029 651 τῷ
1052 567 1161 653 χρόνῳ
1180 567 1201 630 3

141 681 199 754 τής
222 669 431 755 ἐπιτροπείας
453 675 595 757 μήνυσις
617 669 748 755 ἐγίνετό
771 694 828 754 μοι
850 671 927 756 περὶ
948 681 1006 755 τῆς
1033 673 1162 756 παιδός,

139 779 186 855 ’ὡς
217 778 419 862 ὑποβάλοιτο
452 779 557 863 αὐτήν
584 782 780 863 Νομιτοιρία
811 781 963 861 λαβοῦσα
989 780 1079 863 παρά
1105 789 1163 863 τῆς
1195 800 1207 841 ι

142 885 316 951 Κλαυδίου
349 886 489 971 δούλης,
522 886 579 950 καί
614 888 651 951 τὸ
684 894 818 970 πρᾶγμα
850 883 1002 964 ἐξετάσας
1034 882 1163 968 ἔμαθον

142 991 247 1070 οὕτως
279 991 364 1078 ἔχον.
415 991 624 1077 ἐφάπτεσθαι
656 993 718 1076 μὲν
750 987 813 1058 οὖν
840 989 986 1074 ἐμαυτοῦ
1017 991 1165 1077 προσήκέ

141 1123 212 1184 μοι,
239 1095 373 1183 βέλτιον
400 1100 437 1165 δέ
463 1100 638 1185 ἡγησάμην
655 1099 771 1188 τούτῳ
799 1100 861 1183 τήν
888 1097 1044 1182 ἐξουσίαν
1065 1123 1162 1166 κατα-

60 1205 63 1212 ’
142 1211 262 1290 λιπείν,
285 1205 384 1272 ὁπότε
408 1207 539 1292 γίνοιτο
566 1207 666 1292 άνήρ,
695 1207 760 1272 εἴτε
787 1209 972 1290 βουληθείη
1000 1208 1062 1291 τήν
1089 1227 1163 1272 παι-

142 1313 261 1397 δίσκην
279 1311 430 1398 ἀπάγειν,
454 1313 518 1379 εἴτε
537 1314 763 1392 διαλύσασθαι
781 1313 864 1398 πρὸς
882 1315 962 1390 τοὺς
978 1312 1162 1398 τρέφοντας
1182 1335 1207 1375 ιο

56 1420 247 1504 κνιοαύτήν
265 1421 501 1506 χρηματισθεὶς
523 1419 544 1505 ἢ
568 1421 795 1505 χαρισάμενος.
832 1418 871 1486 ἐν
889 1419 927 1485 δέ
949 1429 1019 1497 τοῖς
1041 1418 1162 1502 μεταξὺ
1181 1422 1203 1484 4

141 1530 274 1612 χρόνοις
294 1527 359 1611 ἐγὼ
382 1529 444 1610 μὲν
462 1529 510 1606 είς
531 1529 590 1604 τὰς
612 1529 781 1605 πολιτικάς
799 1525 933 1610 πράξεις
951 1525 1163 1611 ἐμπολισθεὶς

142 1633 243 1700 οὐδὲν
271 1631 319 1699 ἔτι
346 1646 414 1702 τῶν
441 1635 617 1700 Κλαυδίου
644 1634 847 1719 πραγμάτων
874 1627 966 1719 εἶχον
993 1631 1031 1699 ἐν
1057 1657 1162 1718 φρον-

141 1741 233 1806 τίδι-
267 1741 373 1829 τούτῳ
401 1741 446 1825 δ’,
475 1742 520 1818 ὡς
546 1738 647 1824 ἔοικε,
673 1743 733 1807 τὸν
762 1741 850 1807 ἴδιον
878 1739 1059 1820 ἐξετάζοντι
1085 1743 1162 1823 βίον

140 1849 196 1913 καί
223 1849 300 1933 περὶ
327 1859 385 1934 τής
412 1848 587 1933 παιδίσκης
613 1849 635 1932 ή
662 1851 809 1932 μήνυσις
836 1847 987 1931 ἀπεδόθη
1010 1847 1163 1932 καθάπερ
1182 1869 1207 1909 ιι

140 1955 213 2037 ἐμοὶ
244 1957 419 2041 πρότερον,
452 1955 507 2020 καὶ
540 1955 641 2022 οὐδὲν
673 1956 790 2021 άδικον
821 1953 908 2033 άξιοῑ
938 1956 1000 2038 τήν
1037 1951 1073 2018 ἐκ
1105 1965 1162 2040 τής

8 2127 9 2130 ,
140 2061 262 2128 ἑαυτοῦ
284 2061 496 2146 θεραπαίνης
514 2071 696 2147 γεγονυῖαν
718 2061 859 2145 ἀπάγειν
881 2063 1094 2144 βουλόμενος.
1133 2063 1201 2128 είῠ

136 2170 202 2252 μὲν
226 2163 288 2241 οὖν
309 2169 472 2252 ἀλλήλους
493 2166 629 2234 ἔπεισαν
647 2169 758 2252 αὐτοί,
780 2171 887 2244 καλῶς
906 2167 948 2232 δν
967 2161 1067 2252 εἶχεν·
1091 2166 1161 2233 ἐπεὶ

141 2272 172 2338 δ’
200 2276 248 2350 είς
280 2274 526 2359 ἀμφισβήτησιν
557 2271 643 2358 ἦλθε
674 2277 712 2340 τὸ
748 2283 898 2360 πρᾶγμα,
934 2285 1091 2358 μαρτυρῶ
1128 2274 1158 2339 τ’

141 2381 232 2466 αὐτῷ
264 2389 369 2454 ταῦτα
398 2381 454 2445 καὶ
484 2383 587 2465 κρίνω
621 2375 707 2448 εἶναι
738 2389 860 2446 τοῦτον
890 2391 948 2466 τῆς
985 2382 1160 2466 παιδίσκης
1180 2405 1206 2445 ιι

140 2489 267 2573 κύριον.
426 2485 430 2506 '
608 2561 610 2567 ¹

136 2629 138 2632 ·
210 2593 375 2660 XXXVIL
403 2592 458 2672 Ὡς
491 2594 529 2660 δὲ
559 2597 652 2661 ταῦτ’
676 2597 836 2680 ήκουσαν,
873 2596 947 2661 ὅσοι
982 2596 1044 2678 μὲν
1074 2593 1160 2681 ἦσαν

140 2703 289 2790 άκέραιοί
314 2725 349 2768 τε
377 2702 433 2768 καὶ
460 2712 528 2767 τῶν
555 2704 595 2768 τά
623 2703 738 2768 δίκαια
763 2705 930 2787 λεγόντοιν
957 2703 1160 2788 παράκλητοι

139 2809 197 2888 ’τὰς
219 2821 331 2896 χείροις
351 2811 490 2896 άραντες
508 2811 556 2886 είς
572 2811 632 2875 τὸν
651 2809 798 2896 οὐρανὸν
818 2808 1004 2896 άνέκραχον
1023 2810 1157 2896 ὀδυρμῷ

213 2991 226 3038 1
245 2983 294 3040 τὸν
313 2983 377 3040 υἱδν
396 2986 483 3040 αὐτοῦ
501 2983 592 3038 Ιπαῖδα
611 2984 633 3039 0
657 3005 680 3039 τ.
699 2982 763 3040 υέὸν
784 2987 871 3040 αὐτοῦ
892 2985 994 3055 νήπιον
1017 2985 1160 3056 Kiessling

140 3056 248 3110 *παῖδα
272 3055 362 3110 delevi
434 3061 450 3109 ὁ
474 3055 563 3128 παρὰ]
587 3055 652 3124 περὶ
672 3055 720 3110 LV
794 3056 954 3126 7*ἐμαυτο”ι
974 3057 1006 3110 οὐ
1025 3055 1160 3126 προσήκει

140 3145 188 3195 μοι
200 3126 248 3178 LV
265 3125 385 3196 ἐμαυτὸν
403 3127 437 3182 οό
455 3124 580 3197 προσήκί
597 3147 645 3196 μοι
659 3127 685 3181 R
703 3127 882 3196 ἐφάπτεσθαι
899 3128 950 3197 μέν
969 3123 1020 3182 οὖν
1039 3125 1159 3196 ἐμαυτὸν

141 3198 174 3251 οέι
199 3214 270 3264 προσ
289 3196 321 3252 τί
345 3218 393 3268 μοι
417 3198 521 3270 vulg0‚‘
542 3197 721 3268 ἐφάπτεσθαι
744 3220 771 3268 μ.
794 3195 844 3254 om
871 3199 931 3269 ἐμοὶ
956 3203 994 3272 τῷ
1019 3196 1158 3271 ἐπιτρόπῳ

140 3276 261 3338 προσῆκε
297 3268 363 3324 obet
377 3269 442 3328 Oba.
457 3287 484 3339 p.
496 3275 548 3333 210
567 3269 687 3339 ἐμαυτοῦ
705 3268 828 3340 προσήκέ
846 3290 893 3340 μοι
912 3287 964 3340 ego
981 3269 1159 3338 ἐφάπτεσθαι

139 3338 254 3393 verbum
268 3339 529 3396 iurisconsultorum
544 3343 599 3396 οεέε
613 3342 689 3396 mein
698 3341 789 3397 Rechss
798 3342 998 3396 wahrnehmen
1045 3347 1076 3396 11
1092 3341 1158 3412 χρή-

139 3412 358 3538 ρὲσιῖπεισὲελς
383 3429 406 3467 ο.
420 3413 534 3538 SRklaibske
611 3419 644 3466 12
668 3412 843 3476 ἐκτυλισθελς
869 3412 956 3468 Cobet
979 3412 1044 3468 obs.
1063 3431 1091 3482 p.
1106 3417 1158 3466 210

193 3501 270 3552 εχον
331 3499 399 3538 corn
439 3501 543 3554 ynrg
636 3529 637 3532 ι
709 3503 712 3508 ’
807 3522 809 3530 1
