2662 3920
171 205 213 271 66
599 207 755 256 -1-

170 330 292 414 μένους
319 326 432 407 αὐτοῖς
457 329 656 415 μεταφέρειν
677 331 739 414 τὴν
763 329 878 415 όργὴν,
905 329 960 395 καὶ
985 331 1044 406 τάς
1066 328 1102 395 ἐκ
1124 341 1195 396 τῶν

131 440 284 521 3νόμων
306 439 463 523 τιμωρίας
485 433 563 521 παρ’
586 430 723 502 ίκείόων
746 435 936 521 λαμβάνειν.
983 438 1013 502 εἰ
1040 436 1101 520 μέν
1129 431 1194 502 οὖν

171 545 302 629 ἐκείνην
325 545 386 629 τὴν
407 542 534 629 ἡμέραν
556 549 656 630 θυμῷ
681 545 860 629 φερόμενοι
883 544 1006 629 δρᾶσαί
1026 567 1059 609 τι
1082 545 1114 609 ολ
1135 545 1194 629 δή·

171 676 290 738 μαρχοι
318 652 402 717 κατά
430 662 498 716 τῶν
527 649 664 715 ὑπάτων
685 649 706 734 ἡ
729 660 788 735 τῆς
814 654 939 736 βοολὴς
961 653 1193 736 προὴχθησαν,

139 781 151 819 5
172 761 279 826 οὐθὲν
303 758 345 825 ἀν
366 755 410 842 ἡν
433 758 470 824 τὸ
493 763 646 823 κωλῦσον
665 757 770 841 αότὴν
788 755 848 843 ὑφ’
866 757 966 842 αὑτὴς
985 756 1193 823 ἀπολωλέναι

171 868 233 951 τὴν
263 868 375 932 πόλιν·
417 864 522 942 οίίτως
552 863 677 946 ἕτοιμοι
705 864 825 942 πάντες
852 861 939 950 ἡσαν
967 862 1021 930 ἐπὶ
1043 866 1084 929 τὰ
1106 865 1193 932 ὅπλα

171 974 226 1039 καλ
249 974 309 1039 τὸν
331 969 401 1038 κατ’
424 971 577 1056 ἀλλὴλων
600 973 754 1054 πόλεμον.
798 979 865 1037 νῦν
892 968 922 1036 δ’
949 973 1193 1055 ἀναβαλόμενοι

171 1081 212 1146 τά
243 1079 418 1166 πράγματα
449 1078 505 1144 καί
537 1079 652 1156 δόντες
681 1077 811 1156 έαυτοῖς
840 1081 964 1164 χρόνον
994 1080 1041 1156 είς
1069 1077 1192 1160 ἀμείνω

173 1188 333 1271 λογισμὸν
363 1186 461 1252 αὐτοί
487 1208 523 1250 τε
550 1186 762 1270 μετριώτεροι
788 1183 943 1269 έχένοντο
966 1186 1022 1251 καλ
1044 1187 1103 1264 τάς
1125 1196 1193 1251 τῶν

127 1268 307 1396 ἑπολλῶν
338 1294 440 1380 ὀργάς
472 1291 651 1379 ίπράυναν.
707 1289 819 1358 ἔπειτα
849 1301 922 1369 ταῖς
953 1291 1026 1377 έξὴς
1057 1291 1193 1377 ἡμέραις

172 1402 234 1485 τὴν
256 1403 372 1486 τρίτην
399 1397 455 1465 ἀπ’
482 1398 610 1483 ἐκείνης
632 1397 794 1484 ἐσομένην
817 1398 944 1484 ἀγοράν
967 1400 1193 1485 προειπόντες,

172 1505 210 1572 ἐν
232 1499 254 1596 ἡ
276 1509 336 1573 τὸν
360 1507 467 1590 δῆμον
490 1505 671 1584 συνάξουσι
693 1506 749 1571 καί
771 1508 888 1590 ζημίαν
909 1504 1106 1589 έπιβαλοῦσι
1123 1515 1193 1583 τοῖς

172 1613 310 1690 ὑπάτοις
337 1611 532 1699 ἀργυρικὴν,
560 1612 718 1678 διέλυσαν
745 1613 807 1697 τὴν
830 1611 1015 1697 ἐκκλησίαν.
1061 1611 1132 1678 ἐπεὶ
1155 1612 1194 1678 δὲ

173 1723 315 1804 πλησίον
337 1717 380 1803 ἡν
403 1719 421 1785 ὁ
444 1722 580 1805 χρόνος,
607 1718 797 1804 ἀπέστησαν
823 1720 878 1785 καλ
903 1720 1024 1805 ταύτης
1046 1731 1105 1804 τῆς
1126 1717 1193 1785 ἐπι-

128 1848 153 1888 ιε
173 1830 275 1912 βολῆς
297 1835 336 1912 τῇ
361 1827 472 1910 δεήσει
494 1837 561 1892 τῶν
584 1825 821 1911 πρεσβυτάτων
844 1849 879 1892 τε
899 1827 954 1892 καλ
973 1825 1193 1909 ἐντιμοτάτων

132 1933 152 1999 5
173 1936 235 2018 τὴν
257 1932 355 2019 χάριν
378 1932 574 1999 ἀνατιθέναι
597 1932 756 2018 λέγοντες.
806 1933 862 1999 καλ
884 1935 965 2018 μετά
987 1943 1091 2000 ταῦτα
1113 1950 1194 2000 σον-

173 2042 353 2125 αγαχόντες
379 2041 439 2106 τὸν
467 2040 573 2124 δῆμον
596 2036 722 2124 έλεχον,
746 2040 797 2106 ότι
819 2042 877 2118 τάς
900 2041 962 2123 μὲν
984 2042 1032 2118 είς
1054 2039 1194 2119 έαυτοὺς

172 2147 286 2233 ὕβρεις
313 2147 468 2232 ἀφείκασι
495 2147 709 2232 χαρισάμενοι
735 2151 871 2224 πολλοῖς
893 2148 949 2213 καί
971 2147 1114 2232 ἀγαθοῖς
1136 2148 1194 2214 ἀν-

173 2254 272 2339 δράσι
302 2254 486 2338 δεομένοις,
516 2245 567 2331 οἷς
594 2254 656 2319 οὐκ
682 2249 726 2337 ἡν
753 2254 848 2319 ὅσιον
871 2253 1066 2338 ἀντιλέγειν,
1090 2249 1138 2320 ὧν
1156 2255 1276 2323 δέεοεο

128 2360 191 2424 εοὸ
228 2361 331 2443 δὴμος
366 2361 511 2444 ἠδικεῖτο
546 2361 692 2427 κωλυταί
723 2383 759 2426 τε
790 2360 846 2425 καλ
877 2361 1014 2446 τιμωροὶ
1047 2358 1192 2428 ἔσεσθαι.

173 2469 359 2551 προθήσειν
396 2469 459 2551 γάρ
496 2461 597 2544 αὖθις
632 2469 692 2532 τόν
728 2489 763 2532 τε
798 2466 874 2552 περὶ
905 2476 963 2551 τὴς
994 2470 1193 2554 κληρουχίας

173 2574 278 2654 νόμον
301 2568 356 2656 ἔτη
379 2573 556 2657 τριάκοντα
578 2573 863 2659 παρειλκυσμένον
885 2575 941 2639 καλ
963 2575 1023 2640 τὸν
1041 2575 1118 2660 περλ
1136 2586 1192 2660 τῆς

176 2680 360 2762 ἰσονομίας,
390 2678 430 2744 δν
458 2680 490 2744 ολ
517 2681 582 2764 πρὸ
606 2680 717 2745 αὐτῶν
739 2681 901 2767 δήμαρχοι
924 2682 1109 2767 προθέντες
1132 2683 1193 2748 οὐκ

174 2785 392 2871 ἐπεψήφισαν.

129 2915 154 2955 οε
245 2891 393 2957 XXXVI.
435 2889 540 2958 Ταῦθ’
569 2892 793 2978 ὑποσχόμενοι
829 2896 884 2960 καλ
921 2895 1101 2978 ὀμόσαντες
1133 2896 1193 2961 ἀκ-

175 2997 303 3077 έδειξαν
332 2998 469 3085 ἡμέρας,
495 2998 534 3064 έν
557 2991 609 3077 αἷς
631 2999 758 3087 ἀγορὰν
781 3006 976 3087 ποιήσονται
1002 3011 1061 3068 τοῦ
1086 3002 1192 3087 δὴμου

245 3176 408 3230 ὅκωλόσαν
431 3193 454 3230 ο.
473 3174 577 3231 Reiske
656 3182 690 3230 10
713 3176 896 3244 έπράννενΑ
920 3177 1113 3252 έπράνν<αν>
1136 3177 1159 3232 Β
1186 3178 1189 3250 ἡ

173 3254 236 3308 ταῖς
261 3245 324 3314 ἑξῆς
348 3244 464 3316 ἡμέραις
489 3247 511 3302 O
541 3252 573 3302 τ’
601 3247 663 3318 ἑξῆς
687 3245 776 3318 ἡμέρα
802 3267 824 3304 ο.
848 3248 991 3320 Kiessling
1074 3257 1108 3304 14
1134 3249 1193 3304 έπε-

175 3317 316 3387 βονλὴςΒ
377 3325 409 3371 15
428 3338 456 3372 τε
476 3268 579 3372 εδδά
639 3325 672 3374 18
692 3303 913 3392 ἀφ<ἡ>κασιΒ
974 3327 1008 3376 20
1026 3321 1191 3390 ἡδικεῖτοΟ

174 3386 291 3458 ἠδίκητο
320 3405 342 3442 ο.
368 3389 511 3460 Kiessling
543 3390 669 3444 ἀδικοῖτο
702 3391 810 3459 Kayser
841 3393 913 3446 Anu.
939 3392 1009 3461 phil.
1037 3397 1115 3460 18⁷0,
1142 3399 1192 3447 ‘123

177 3465 210 3514 26
229 3459 279 3522 τὰς
296 3456 400 3528 ἡμέρας
419 3478 441 3515 ο.
457 3460 600 3531 Kiessling
616 3460 782 3516 dubitanter
