2656 3932
557 233 591 243 -
629 205 669 256 ΙΑ
706 233 740 244 -·
1094 205 1157 271 139

210 327 313 394 XVII.
327 333 488 394 Σιιοπεῖτε
501 329 565 413 γδιρ
580 328 716 395 οὑτωσί·
735 330 970 414 προβούλευμα
988 333 1161 414 γενήσεται

139 445 196 520 της
215 439 339 520 βουλῆς
356 435 442 521 ὑπὲρ
461 434 691 521 ἀρχαιρεσιῶν,
710 431 809 501 ἔπειτ’
823 434 1012 514 ἐξοίσουσιν
1029 438 1064 502 ολ
1081 436 1160 503 δέκα

138 544 179 608 τδι
207 541 437 626 βουλευθέντα
464 544 512 620 είς
538 543 598 608 τὸν
621 543 728 628 δῆμον
751 541 923 628 ὁρίσαντες
950 543 1077 628 άγορδιν
1099 545 1161 628 την

139 649 204 715 ἀπὸ
227 649 348 734 ταύτης
370 651 494 735 τρίτην.
538 659 607 726 πῶς
629 650 693 734 γδρ
713 649 807 729 (ἂν)
827 649 962 735 άληθῶς
980 650 1110 734 γένοιτό
1128 673 1161 719 τι

138 767 206 822 τῶν
224 755 290 822 ὑπὸ
308 763 369 822 τοῦ
393 757 500 841 δήμου
523 755 759 841 ψηφιζομένων
777 757 907 843 κύριον,
930 756 990 824 ἐὰν
1011 759 1056 842 μη
1078 759 1161 823 κατὰ
1192 777 1205 818 ι

138 865 263 946 νόμους
285 862 434 947 γένηται;
462 860 570 930 ἔπευθ’
593 863 673 930 ὅταν
696 865 732 928 αλ
756 864 861 948 φυλαί
884 863 1077 948 διενέγκαντα
1099 865 1161 948 την

137 980 265 1055 ψῆφον,
294 973 366 1036 τότε
394 972 430 1036 αί
456 970 530 1037 νέαι
556 971 824 1056 Τπαραιτούνται
851 972 913 1056 τὴν
940 973 1040 1037 πόλιν
1063 970 1161 1056 ἀρχαί

137 1077 194 1142 καί
220 1079 454 1163 προθησουσιν
481 1077 563 1161 ύμίν
585 1077 669 1164 ὑπὲρ
697 1077 843 1161 πολέμου
872 1087 1016 1144 σκοπελν.
1063 1076 1100 1144 έν
1123 1077 1200 1144 δδ2

137 1193 208 1262 τοίς
230 1183 350 1268 μεταξὺ
373 1196 441 1252 τῶν
464 1185 684 1271 ἀρχαιρεσιῶν
702 1187 836 1271 χρόνοις
857 1186 1029 1264 τοσούτοις
1052 1179 1160 1269 οὖσιν,

138 1290 198 1358 ἐὰν
216 1290 271 1358 ἐπὶ
289 1294 351 1378 τὴν
369 1293 469 1358 πόλιν
486 1293 580 1376 ἡμῶν
599 1289 747 1358 ἔλθωσιν
765 1293 798 1358 ολ
816 1292 967 1374 πολέμιοι
985 1293 1041 1358 καί
1059 1307 1205 1378 προσ-ιο

53 1415 127 1464 219⁷
139 1399 287 1484 αγάγωσι
310 1409 380 1477 τοῖς
402 1401 538 1484 τείχεσι,
560 1402 595 1465 τί
615 1403 808 1485 ποιήσομεν,
833 1399 994 1479 Κλαύδιος
1019 1397 1161 1485 ἐροῦμεν
1229 1441 1236 1454 =

139 1507 254 1584 αὐτοῖς
280 1509 322 1592 νὴ
350 1509 431 1572 Δία·
460 1503 609 1590 μείννθ’,
638 1505 698 1584 ἕως
725 1505 768 1572 δν
795 1505 1021 1589 ἀποδείξωμεν
1048 1504 1160 1590 ἑτέρας

139 1613 249 1699 ἀρχάς.
286 1613 456 1690 Κλαύδιος
474 1614 538 1698 γάρ
556 1614 641 1697 ἡμᾶς
661 1610 770 1679 ἔπεισε
792 1614 869 1700 περὶ
891 1614 1034 1699 μηδενὸς
1057 1613 1160 1678 ἄλλον

101 1707 102 1710 ’
139 1714 329 1804 πράγματος
356 1722 436 1805 μήτε
460 1719 703 1807 προβουλεύειν
726 1717 799 1806 μήτ’
818 1722 866 1798 είς
892 1723 952 1788 τὸν
975 1721 1082 1805 δῆμον
1110 1717 1161 1785 έκ-

139 1824 256 1911 φέρειν
285 1830 365 1912 μητε
394 1828 553 1911 δυνάμεις
581 1827 818 1913 καταγράφειν,
851 1827 910 1895 ἐὰν
942 1831 985 1914 μὴ
1017 1829 1058 1894 τδι
1085 1826 1162 1912 περὶ
1180 1845 1205 1886 1⁶

138 1935 196 2012 τδις
228 1933 330 2021 ἀρχάς
361 1938 616 2020 καταστήσωμεν
648 1935 693 2012 ὡς
724 1937 925 2018 βουλόμεθα.
976 1932 1063 2000 ἄπιτ’
1087 1929 1200 2018 οὖν,3

137 2041 194 2106 καί
216 2042 297 2108 ὅταν
318 2039 480 2127 ἀκούσητε
502 2042 650 2119 ὑπάτους
672 2042 728 2107 καὶ
751 2044 809 2118 τὰς
831 2043 932 2119 ἄλλως
956 2041 1058 2128 ἀρχὰς
1080 2040 1160 2107 ἀπο-

138 2149 328 2233 δειχθείσας
357 2149 423 2214 ὑπὸ
452 2158 510 2234 τῆς
540 2151 667 2226 πόλεως
695 2149 751 2214 καὶ
780 2150 821 2213 τδι
848 2149 931 2233 πρὸς
960 2149 1020 2214 τὸν
1048 2148 1161 2232 ἀγῶνα

138 2255 247 2321 πάντα
268 2257 430 2339 γεγονότα
447 2257 528 2340 ημίν
546 2256 704 2340 εὐτρεπῆ,
726 2253 802 2320 τόθ’
819 2255 913 2339 ἥκετε
931 2255 1008 2340 περὶ
1027 2256 1160 2320 διαλλα-

138 2373 209 2447 γῶν
231 2364 447 2446 ποιησόμενοι
473 2364 553 2439 τοὺς
575 2364 711 2446 λόγους,
738 2361 851 2446 ἐπειδὴ
879 2371 987 2439 κακῶς
1013 2359 1160 2448 ῆρξασθε
1178 2379 1205 2420 ¹0

137 2470 222 2554 ἡμᾶς
244 2478 355 2534 ποιεῖν
377 2468 479 2534 οὐδὲν
501 2471 776 2554 προπεπονθότες
800 2466 860 2556 ὑφ’
881 2470 988 2554 ἡμῶν·
1015 2469 1070 2535 καί
1099 2469 1161 2536 όσα

138 2577 222 2660 ἡμᾶς
245 2575 409 2660 έβλάψατε
431 2577 514 2641 κατὰ
536 2577 594 2652 τδς
617 2574 758 2659 ἐμβολάς
781 2578 829 2654 εἰς
852 2576 1027 2664 χρημάτων
1048 2579 1160 2661 λόγον,

139 2684 268 2749 ἅπαντα
291 2681 328 2750 ἐκ
350 2691 410 2749 τού
434 2684 566 2748 δικαίου
590 2683 776 2748 διαλύσατε.
821 2685 882 2749 τὸν
905 2683 942 2749 δὲ
968 2695 1036 2750 τῶν
1059 2678 1200 2770 γεωρ4

139 2801 209 2874 γῶν
238 2791 384 2876 όλεθρον
414 2790 476 2875 οὐχ
505 2789 779 2874 ύπολογιούμεθα
808 2789 899 2874 ὑμῖν,
929 2790 1002 2856 οὐδ’
1027 2791 1059 2856 εί
1086 2815 1160 2856 τινα

139 2897 261 2980 γύναια
279 2896 441 2982 ἐλεύθερα
458 2896 588 2983 ύβρεως
605 2897 661 2962 καί
679 2899 854 2983 παροινίας
878 2897 1039 2983 ἐπειράθη
1063 2914 1160 2983 στρα-
1178 2921 1204 2962 ει
1319 2969 1320 2974 1

141 3105 205 3160 obs.
224 3125 251 3176 p.
267 3113 301 3162 55
320 3107 466 3171 ἀδυνάτως
485 3108 603 3178 ἑχούσοις
670 3105 882 3179 δβονληθέντα
900 3108 926 3162 V
993 3115 1088 3171 4πῶς
1105 3109 1159 3180 γὰρ

141 3178 254 3247 άληθῶς
271 3179 350 3234 LVM
369 3189 429 3243 πῶς
446 3179 500 3251 γὰρ
520 3177 600 3252 <διν>
620 3178 708 3240 ἄλλως
726 3178 908 3234 Oasaubonus
939 3179 942 3251 λ
972 3177 1086 3250 γίνηται
1104 3181 1160 3234 VM

141 3255 156 3304 ’ί
176 3259 379 3318 παραιτοῦνται
397 3251 441 3306 vel
458 3259 668 3320 παραιτοῦντας
686 3249 709 3305 O
729 3251 948 3321 παραλήψονται
967 3250 1089 3322 Sylburg
1107 3269 1160 3306 vox

140 3323 273 3390 corrupta
292 3324 335 3376 est
396 3328 429 3377 15
448 3321 518 3392 μηδὲ
537 3321 670 3392 δυνάμεις
689 3338 712 3377 ο,
726 3322 870 3392 Kiessling
934 3328 966 3377 1⁷
986 3323 1160 3394 ἀποδειχθή-

140 3392 233 3455 σαςΟ
284 3398 317 3447 19
336 3394 459 3463 εὐπρεπῆ
477 3394 507 3447 Μ
562 3398 596 3447 20
615 3393 714 3465 ἤρξατε
733 3393 821 3448 Cobet
838 3393 902 3449 Obs.
917 3412 945 3463 p.
956 3399 1008 3449 206
1064 3401 1097 3448 22
1116 3393 1160 3448 ἐκ·

140 3463 225 3538 βολὰς
242 3463 272 3516 Μ
345 3469 379 3518 23
398 3465 545 3520 διαλύσατε
564 3465 613 3519 LV
631 3462 782 3536 ληψόμεθα
800 3465 830 3518 Μ
