2654 3916
576 207 609 216 -
647 178 692 230 16
730 207 763 216 ·-
1115 179 1180 244 297

159 305 253 388 ἡμῶν
276 303 408 389 ἀρετήν,
438 298 509 368 ἀλλ’
528 301 717 368 ἀποστάντα
743 313 812 369 τῶν
839 302 952 369 ὅπλων
979 313 1100 388 χωρεῖν
1127 302 1182 370 ἐπί

159 413 239 488 τοὺς
261 407 393 495 λόγους,
417 410 635 492 συμβουλεύω
658 432 694 475 τε
717 425 781 493 σοι,
806 411 883 495 περὶ
906 404 954 476 ὧν
977 409 995 476 ὁ
1015 408 1182 493 Ῥωμαίων

159 518 263 603 δῆμος
292 515 486 602 διαφέρεται
517 517 601 602 πρὸς
628 519 854 602 Ταραντίνους
884 517 904 602 ἢ
934 520 1129 594 Λευκανούς
1160 518 1181 602 ἢ

159 626 329 701 Σαυνίτας
356 622 429 706 ἐμοί
454 624 516 708 την
539 622 722 708 διάγνωσιν
745 622 933 709 ἐπιτρέπειν
955 661 1000 671 ——
1023 625 1180 710 διαιτησω

158 733 223 817 γάρ
246 730 312 797 άπὸ
335 731 459 808 παντὸς
482 739 542 796 τοῦ
566 731 699 796 δικαίου
722 731 762 796 τδ
785 731 932 818 διάφορα
954 769 998 778 -
1021 731 1076 797 καί
1099 753 1183 818 παρ·
1214 752 1226 793 ι

159 835 219 916 ἐξω
252 840 332 914 τοὺς
363 835 508 920 ἐμαυτοῦ
541 839 663 922 φίλους
694 837 823 915 ἁπάσας
854 840 912 917 τὰς
943 838 1070 922 βλάβας
1101 837 1182 904 άπο-

158 946 327 1028 τίνοντας,
351 943 390 1022 δίς
413 943 455 1012 δλν
478 944 591 1012 αὐτῶν
614 942 677 1028 ἐγὼ
701 955 861 1029 καταγνῦ.
900 943 979 1033 (16)·
993 942 1121 1030 Ὀρθῶς
1144 945 1221 1012 δέ3

158 1055 312 1136 ποιήσετε
341 1051 397 1116 καλ
425 1051 520 1134 ὑμελς
548 1053 731 1135 βεβαιωτὰς
763 1049 989 1138 παρασχόντες
1017 1053 1103 1140 ύπέρ
1133 1047 1182 1119 ὧν

159 1157 201 1223 διν
220 1157 358 1224 ἐκείνων
375 1158 464 1235 τινὲς
485 1157 696 1243 ἐπικαλῦσιν,
719 1158 771 1224 ὅτι
788 1161 829 1224 τὰ
846 1159 1008 1244 κραθέντα
1026 1159 1083 1226 ὑπ’
1100 1159 1181 1243 ἐμοῦ

159 1263 321 1350 φυλάξετε
355 1266 463 1350 κύρια.
518 1273 622 1331 ταῦτα
658 1274 794 1331 ποιοῦσι
829 1265 891 1348 μὲν
926 1265 1008 1348 ὑμῖν
1044 1269 1182 1353 εἰρήνην
1201 1288 1227 1327 10

158 1370 401 1456 ἐπαγγέλλομαι
428 1369 582 1458 παρέξειν
604 1373 661 1438 καὶ
689 1375 787 1458 φίλος
812 1369 949 1438 ἔσεσθαι
971 1373 1027 1438 καί
1050 1371 1104 1458 ἐφ’
1123 1373 1183 1451 οὓς

159 1479 201 1544 άν
224 1502 264 1562 με
287 1469 495 1565 παρακαλῆτε
518 1478 684 1562 πολέμους
705 1479 890 1566 προθύμως
912 1482 1107 1563 βοηθήσειν,
1136 1482 1180 1564 μη
1200 1480 1222 1544 4

158 1595 294 1652 ποιοῦσι
326 1586 442 1653 δὀὐκ
469 1585 512 1651 άν
539 1584 749 1672 ἐπιτρέψαιμι
775 1587 888 1672 χώραν
916 1587 1097 1672 συμμάχων
1123 1584 1182 1652 άν-

159 1693 251 1779 δρῦν
269 1691 451 1779 ἐξερημοῦν
472 1693 529 1758 καί
551 1690 665 1770 πόλεις
684 1691 882 1778 Ἑλληνίδας
904 1694 1104 1780 ἀναρπάζειν
1126 1693 1182 1760 καί

159 1801 293 1884 σώματα
325 1799 488 1886 ἐλεύθερα
520 1806 789 1886 λαφυροπωλείν,
826 1801 910 1868 άλλολ
941 1802 1080 1868 κωλύσω
1112 1810 1182 1878 τοῖς
1201 1821 1226 1861 ιι

159 1907 288 1992 ὅπλοις,
317 1908 373 1972 ἵνα
395 1908 571 1992 παύσησθε
593 1908 657 1992 ἤδη
681 1909 761 1973 ποτὲ
784 1909 921 1992 άγοντες
943 1908 999 1973 καί
1023 1908 1182 1995 φέροντες

158 2011 242 2100 ὅλην
268 2014 411 2081 Ἰταλίαν
432 2014 488 2080 καὶ
511 2023 613 2080 πᾶσιν
633 2014 827 2099 ἀνθρώποις
845 2014 889 2090 ὡς
913 2015 1047 2092 δούλοις
1066 2013 1182 2100 ἐντρυ-

159 2132 296 2207 φῶντες.
339 2120 510 2204 ἐκδέξομαι
533 2121 651 2196 δὲτὰς
674 2121 734 2196 σὰς
757 2119 948 2206 ἀποκρίσεις
969 2120 1065 2207 μέχρι
1087 2121 1182 2186 δεκά-

157 2251 216 2311 της
233 2227 367 2314 ημέρας·
385 2227 566 2314 περαιτέρω
585 2228 650 2312 γάρ
669 2226 731 2292 ούκ
750 2226 792 2292 δν
806 2225 854 2292 ἐτι
873 2228 1048 2313 δυναίμην.
1071 2229 1181 2294 Ανιδν.

229 2333 269 2400 X.
293 2335 362 2420 (17,
382 2333 438 2422 17)
462 2335 557 2420 Πρὸς
583 2342 687 2399 ταῦτα
710 2333 728 2399 ὁ
749 2332 917 2418 Ῥωμαίων
938 2334 1065 2414 ύπατος
1092 2335 1181 2401 άντι-
1200 2357 1226 2396 ω

157 2441 281 2528 γράφει
317 2444 379 2526 την
410 2465 445 2507 τε
482 2441 670 2508 αὐθάδειαν
701 2451 762 2508 τοῦ
799 2441 923 2527 ἀνδρὸς
959 2441 1182 2530 ἐπιρραπίζων

158 2549 278 2616 καὶτὸ
307 2544 464 2634 φρόνημα
490 2559 548 2634 τῆς
567 2545 734 2631 Ῥωμαίων
760 2545 888 2626 πόλεως
915 2547 1180 2635 ἐνδεικνύμενος·

159 2652 311 2734 Πόπλιος
341 2654 523 2742 Οὐαλέριος
545 2658 722 2741 Λαβίνιος,
750 2658 933 2742 στρατηγὸς
959 2657 1085 2735 ύπατος
1108 2655 1182 2723 Ῥω-

158 2765 276 2848 μαίων,
306 2766 437 2847 βασιλεῖ
465 2763 592 2851 Πύρρῳ
622 2765 759 2850 χαίρειν.
811 2759 934 2850 ἀνδρὸς
965 2761 1065 2850 ἔργον
1095 2757 1221 2830 είναί2

231 3015 246 3062 2
271 3029 300 3064 τε
327 3009 380 3065 del.
403 3009 508 3064 θάνατε.
547 3009 649 3064 Totum
669 3009 816 3065 verborum
838 3008 976 3064 ambitum
994 3008 1181 3080 Kiesslingius

160 3079 200 3134 'sie
228 3082 456 3136 constituendum
484 3097 544 3136 esse
572 3084 679 3136 censet:
708 3079 835 3152 οίίμενος
863 3081 1125 3152 δή-σνμβουλεύω
1152 3100 1181 3135 τε

159 3151 303 3222 (διαιτήσω
329 3151 468 3222 γάρ-τὰ
494 3151 630 3223 διάφορα)
655 3153 705 3207 καί
730 3150 840 3221 παρέξω
914 3158 929 3205 ’ί
954 3151 1003 3214 οῦς
1027 3151 1123 3206 Ambr.
1148 3151 1182 3214 ἃς

159 3221 259 3277 Βλαιιτο
331 3229 347 3278 8
365 3225 498 3295 ποιήσητε
516 3223 612 3279 Ambr.
633 3241 701 3279 corr.
722 3224 821 3278 Struve
844 3223 879 3278 cf.
898 3223 1047 3278 Baumann
1070 3225 1105 3278 de
1127 3240 1182 3276 usu

158 3295 233 3348 mod,
251 3312 279 3362 p.
296 3299 329 3348 '10
403 3303 435 3350 11
456 3293 641 3366 ἐπαγγίλομεν
661 3295 757 3352 Ambr.
779 3313 848 3350 corr.
867 3295 959 3349 Maius
1033 3301 1066 3350 12
1089 3313 1182 3362 παρα-

159 3368 266 3419 καλεῖτε
291 3365 388 3422 Ambr.
408 3384 477 3422 corr.
497 3367 596 3421 Struve
669 3373 703 3422 14
727 3365 891 3435 διαρπάζειν
917 3383 939 3420 ο.
959 3365 1056 3421 Naber
1078 3365 1180 3420 Mnem.

160 3441 203 3503 30,
218 3441 270 3490 260
344 3443 377 3492 17
396 3438 445 3492 καλ
465 3439 576 3501 δούλοις
594 3437 689 3494 Ambr.
710 3439 747 3501 ὡς
765 3439 876 3501 δούλοις
894 3438 986 3493 Maius
