2662 3920
581 209 737 258 -1-
923 237 927 246 -
1123 207 1165 273 ιε

63 349 138 400 *ιντο
148 333 227 407 τοὺς
249 330 371 408 αὐτοὺς
397 333 517 416 λόγους
546 329 687 415 διεξιών,
715 331 774 409 οὓς
802 325 895 398 εἶπεν
922 329 977 398 ἐπί
1003 343 1061 418 τῆς
1087 335 1167 416 βου-

149 443 215 522 λής.
261 439 294 503 οἱ
320 437 382 520 μέν
409 433 472 505 οὐν
500 437 733 526 ἐπιεικέστεροι
760 449 828 505 τῶν
855 439 1042 523 δημοτικῶν
1067 441 1167 506 κενὸν

147 543 346 622 ὑπώπτευον
378 541 464 612 είναι
495 548 555 612 τὸν
587 549 708 632 φόβον,
745 547 778 612 οὶ
810 543 840 612 δ’
868 546 1084 634 εὐηθέστεροι
1114 567 1167 612 πι-

148 653 321 730 στεύοντες
343 663 415 731 ταῖς
438 657 562 739 φήμαις
584 653 708 738 ἀληθῆ·
732 653 806 720 ὅσοι
828 653 867 719 δέ
886 657 1064 739 κακοήθεις
1081 649 1168 738 ἦσαν

148 757 185 825 ἐν
209 759 321 837 αὐτοῖς
343 761 399 826 καί
421 765 603 848 μεταβολῆς
626 761 678 827 ἀεί
700 761 867 846 δεόμενοι,
894 770 954 827 τοῦ
977 761 1039 844 μὲν
1062 758 1167 839 ἐξετά-
1200 783 1212 824 ι

148 869 215 946 ζειν
237 865 422 953 τάληθὲςή
451 869 576 949 ψεῦδος
603 868 664 934 οὐκ
692 862 783 953 είχον
811 870 984 954 πρόνοιαν,
1011 866 1168 955 ἀφορμήν

33 975 40 986 '
147 973 186 1039 δὲ
208 975 418 1060 διχοστασίας
441 974 577 1061 ἐζήτουν
598 975 655 1041 καὶ
677 976 841 1061 θορύβου.

218 1079 321 1146 ΧΠΠ.
346 1078 405 1147 Ἐν
437 1073 571 1172 τοιαύτη
604 1081 642 1148 δέ
672 1092 798 1169 ταραχή
828 1093 886 1168 της
912 1085 1039 1160 πόλεως
1066 1083 1167 1166 οὐσης

73 1243 77 1258 .
148 1187 232 1274 ἀνήρ
264 1212 314 1267 τις
346 1187 382 1255 ἐκ
414 1199 474 1255 τοῦ
507 1191 667 1272 Σαβίνων
699 1187 824 1268 ἔθνους
855 1190 1008 1276 πατέρων
1039 1213 1074 1254 τε
1106 1189 1168 1254 οὐκ

69 1281 70 1284 ¹
148 1296 288 1382 ἀφανῶν
328 1297 384 1363 καί
428 1300 572 1382 χρήμασι
617 1297 774 1380 δυνατός,
813 1295 952 1374 ’Ἀππιος
989 1294 1168 1382 Ἑρδώνιος
1187 1320 1213 1359 ιο

147 1403 268 1488 ὄνομα,
295 1410 477 1469 καταλῦσαι
504 1404 566 1488 τήν
589 1401 755 1487 Ῥωμαίων
781 1405 964 1488 ἡγεμονίαν
991 1402 1167 1487 ἐπεβάλετο

148 1507 214 1574 εἴθ’
240 1507 345 1596 ἑαυτῷ
375 1510 560 1596 τυραννίδα
587 1513 908 1593 κατασκευαζόμενος
935 1511 1000 1577 είτε
1026 1523 1071 1598 τῷ
1099 1516 1168 1577 Σα-

147 1618 254 1698 βίνων
277 1613 371 1682 ἔθνει
393 1617 547 1701 πράττων
570 1617 675 1704 ἀρχήν
697 1619 753 1684 καί
780 1619 900 1705 κράτος
927 1615 985 1684 εἴτ’
1007 1618 1168 1702 ὀνόματος

148 1721 332 1808 ἀξιωθῆναι
377 1727 580 1808 βουλόμενος
624 1725 778 1810 μεγάλου.
841 1726 1086 1809 κοινωσάμενος
1130 1725 1168 1790 δέ

146 1835 283 1908 πολλοῖς
309 1841 377 1896 τῶν
405 1835 514 1916 φίλων
540 1833 583 1918 ήν
611 1827 677 1918 εἶχε
705 1833 859 1899 διάνοιαν
882 1833 938 1898 καί
959 1835 1019 1899 τὸν
1041 1835 1168 1919 τρόπον
1187 1854 1212 1895 τε

146 1947 204 2022 τῆς
219 1936 450 2025 ἐπιχειρήσεως
466 1939 732 2025 ἀφηγησάμενος,
751 1938 863 2025 ἐπειδή
880 1940 1045 2018 κάκείνοις
1061 1938 1168 2006 ἐδόκει

147 2049 347 2131 συνήθροιζε
379 2050 458 2124 τοὺς
490 2047 631 2125 πελάτας
662 2047 717 2112 καὶ
753 2057 821 2112 τῶν
852 2049 1073 2132 θεραπόντων
1109 2047 1168 2124 οὓς

147 2147 235 2238 εἶχεν
258 2153 530 2237 εὐτολμοτάτους·
557 2155 613 2220 καὶ
636 2151 680 2218 δι’
699 2153 815 2237 ὀλίγου
838 2155 963 2239 χρόνου
987 2157 1168 2238 συγκροτή-

67 2275 135 2324 2021
147 2275 207 2336 σας
229 2261 374 2343 δύναμιν
398 2261 532 2346 ἀνδρῶν
555 2262 824 2346 τετρακισχιλίων
846 2259 1001 2344 μάλιστα,
1025 2260 1110 2325 ὅπλα
1132 2283 1168 2326 τε

146 2367 201 2432 καὶ
219 2369 347 2452 τροφάς
368 2367 424 2432 καί
441 2363 545 2432 τάλλα
563 2367 652 2432 ὅσων
671 2367 724 2432 δεῖ
740 2365 872 2453 πολέμῳ
891 2366 999 2431 πάντα
1018 2367 1167 2452 εὐτρεπι-
1186 2390 1212 2430 ει

147 2473 302 2558 σάμενος,
330 2475 378 2552 είς
405 2474 535 2559 σκάφας
561 2475 772 2558 ποταμηγοὺς
794 2471 976 2556 ἐνεβάλετο.
1022 2475 1206 2553 πλεύσας2

147 2581 184 2646 δὲ
216 2582 272 2646 διδ
304 2591 363 2647 τοῦ
401 2581 555 2666 Τεβέριος
585 2589 735 2664 ποταμοῦ
767 2580 930 2667 προσέσχε
961 2591 1019 2666 τῆς
1046 2579 1168 2666 Ῥώμης

146 2690 228 2753 κατά
259 2698 358 2754 τοῦτο
390 2689 428 2754 τὸ
462 2690 597 2775 χωρίον,
633 2685 719 2754 ἔνθα
756 2691 793 2756 τὸ
827 2690 1040 2755 Καπιτώλιύν
1076 2687 1167 2755 ἐστιν

147 2792 219 2860 οὐδ’
252 2796 331 2861 ὅλον
369 2796 505 2862 στάδιον
542 2795 666 2882 ἀπέχον
702 2805 762 2861 τοῦ
799 2805 957 2880 ποταμοῦ.
1011 2793 1098 2880 ἦσαν
1129 2796 1167 2862 δὲ

146 2901 242 2984 μέσαι
273 2911 454 2987 τηνικαῦτα
485 2903 617 2988 νύκτες,
652 2904 708 2969 καί
744 2904 850 2988 πολλή
885 2899 963 2970 καθ’
991 2903 1073 2988 ὅλην
1105 2905 1167 2987 τὴν
1184 2925 1210 2966 ιε
1247 2895 1248 2898 “
1324 2903 1326 2970 s

146 3011 245 3074 πόλιν
280 3010 416 3095 ἡσυχία,
451 3011 495 3094 ήν
532 3012 698 3096 συνεργὸν
735 3011 847 3094 λαβὼν
883 3009 1053 3093 ἐξεβίβασε
1088 3012 1167 3086 τοὺς

147 3117 271 3202 ἀνδρας
297 3119 380 3182 κατά
408 3118 560 3202 σπουδήν
587 3119 642 3183 καί
665 3119 721 3184 διδι
743 3128 812 3183 τῶν
835 3117 1016 3184 ἀκλείστων
1038 3122 1165 3183 πυλῶν·

219 3298 234 3346 3
254 3290 399 3348 ἐπίστευον
417 3310 484 3348 voce
503 3294 597 3364 ἀληθῆ
617 3293 711 3348 deleta
730 3311 753 3348 c.
769 3293 857 3348 Cobet
872 3291 935 3348 Obs.
951 3311 978 3362 p.
992 3298 1043 3347 189
1113 3299 1127 3345 6
1147 3290 1165 3362 ή

146 3365 252 3432 ψεῦδος
275 3364 329 3418 del.
348 3363 436 3420 Cobet
452 3363 471 3420 l.
487 3365 505 3420 1,
580 3370 613 3419 13
633 3363 815 3434 συμπράττων
835 3381 857 3420 ο.
875 3363 1046 3434 Grasberger
1063 3363 1164 3418 Philol.

147 3439 190 3500 28,
205 3441 256 3490 346
315 3442 347 3490 17
368 3436 416 3499 οδς
434 3431 491 3506 εἶχε
509 3438 575 3499 τούς
593 3435 808 3506 εὐτολμοτάτους
827 3453 850 3492 ο,
865 3436 968 3490 Reiske
1028 3441 1061 3490 22
1083 3432 1165 3508 Τεβέ-

148 3525 215 3573 ρεως
233 3508 258 3560 Α
283 3505 413 3579 Τεβέριος
431 3507 453 3560 Β
474 3507 509 3562 cf.
528 3506 625 3575 X8‚4
