2668 3922
170 217 235 283 194
308 165 311 171 ¹
587 215 769 266 -ιι-

165 342 327 427 ἀντεπῆγε
368 347 494 404 θάττον
536 340 596 429 ὅλχ
633 337 773 420 δυνάμει
813 338 897 423 πρὸς
933 337 996 402 οὐκ
1032 335 1189 413 ἐλάττους

165 449 312 534 ἀριθμὸν
330 450 409 524 τοὺς
426 448 598 529 Σαβίνους
615 445 671 510 καί
689 446 729 510 τά
747 444 887 528 πολέμια
906 443 1187 529 [ἐμπειροτάτους

164 553 370 632 ἐνεδείξαντο
409 553 488 638 γάρ]
532 551 688 637 φρόνημά
724 575 759 617 τε
795 552 851 617 καί
887 547 1013 633 τόλμαν
1049 549 1086 616 ἐκ
1121 562 1272 616 τῶνεεεο
1324 575 1325 644 3

166 661 338 748 προτέρων
361 659 633 746 κατορθωμάτων
654 659 783 742 πολλὴν
805 659 889 743 πρὸς
911 661 991 736 τοὺς
1014 658 1189 743 ἀντιμαχο-
1324 645 1325 656 ³

134 790 146 830 ι
165 769 297 852 μένους,
315 768 371 833 καί
389 778 510 844 κοινῶς
527 767 648 843 πάντες
666 766 721 831 καί
737 766 829 843 ἰδίως
847 764 1010 830 δτούτων
1023 766 1189 851 προηγού-

165 896 276 959 μενος·
300 871 344 959 ἧν
366 876 430 960 γάρ
455 874 495 940 οὐ
519 875 625 957 μόνον
648 873 830 958 στρατηγὸς
854 871 997 956 ἀγαθός,
1028 872 1112 938 ἀλλὰ
1134 872 1189 937 καί

125 985 146 1048 2
165 983 363 1066 πολεμιστὴς
375 983 458 1046 κατὰ
471 990 565 1066 χεῖρα
579 989 744 1064 γενναῖος·
758 979 815 1044 καί
828 989 896 1045 τῶν
908 977 1034 1044 ἰππέων
1043 979 1190 1063 μεγάλην

166 1091 361 1174 προθυμίαν
388 1087 649 1174 παρασχομένων
676 1089 774 1171 νίκην
797 1085 981 1171 ἀναιρεῖται
1004 1085 1190 1171 λαμπροτά-

166 1218 238 1280 την,
252 1197 397 1272 πολλοὺς
412 1195 473 1278 μὲν
487 1194 683 1270 ἀποκτείνας
696 1204 764 1260 τών
777 1195 955 1277 πολεμίων,
969 1198 1081 1279 πολλῷ
1098 1191 1129 1257 δ’
1142 1189 1190 1257 ἔτι

122 1325 148 1365 ω
166 1304 331 1368 πλειόνων
350 1301 565 1387 αἰχμαλώτων
584 1301 768 1386 τετυχηκώς
785 1309 845 1366 τοῦ
857 1323 899 1364 τε
918 1299 1061 1384 χάρακος
1078 1299 1190 1364 αὐτῶν

166 1408 290 1495 ἐρήμου
309 1411 485 1495 κρατήσας,
506 1406 543 1474 έν
562 1399 590 1495 ςά
607 1411 668 1492 τήν
686 1404 714 1472 τ’
729 1407 919 1491 ἀποσκευὴν
936 1417 1005 1472 τών
1023 1407 1190 1486 πολεμίων

166 1519 294 1601 πολλὴν
313 1511 390 1599 εὗρε
407 1515 463 1580 καί
481 1516 543 1599 τὴν
562 1516 655 1580 λείαν
673 1515 816 1598 ἅπασαν,
833 1514 877 1598 ἣν
895 1512 932 1578 έκ
949 1523 1007 1597 τῆς
1024 1510 1190 1594 Ῥωμαίων

166 1634 227 1708 γῆς
241 1621 426 1706 ἐληίσαντο,
443 1622 668 1707 αἰχμαλώτους
682 1644 717 1686 τε
731 1621 820 1686 πάνυ
834 1623 980 1696 πολλοὺς
992 1630 1061 1684 τῶν
1074 1616 1190 1704 σφετέ-

169 1753 237 1815 ρων
256 1728 453 1794 ἀνεσώσατο.
493 1728 533 1794 οὐ
553 1730 616 1813 γάρ
636 1725 792 1813 ἔφθασαν
811 1726 1116 1808 ἀνασκευασάμενοι
1133 1726 1191 1801 τὰς

123 1821 148 1949 3
168 1835 329 1919 ὠφελείας
342 1837 375 1900 οἰ
389 1837 533 1918 Σαβῖνοι
552 1836 608 1900 διά
625 1837 884 1920 καταφρόνησιν.
916 1834 957 1898 τά
970 1832 1032 1915 μὲν
1046 1825 1109 1897 οὖν
1123 1842 1190 1896 τῶν

167 1943 334 2025 πολεμίων
350 1945 498 2028 χρήματα
514 1951 583 2019 τοῖς
598 1942 810 2027 στρατιώταις
824 1939 988 2026 ἀφέλειαν
1002 1937 1104 2024 ἐφῆκε
1118 1959 1190 2002 ποι-

167 2056 279 2115 ελσθαι
289 2046 546 2135 προεξελόμενος
555 2048 591 2115 ἐκ
601 2060 668 2116 τών
679 2047 917 2134 λαφύρων,ὅσα
927 2056 995 2123 τοῖς
1004 2053 1099 2122 θεολς
1107 2051 1191 2110 καθ-

168 2157 319 2243 ιερώσειν
331 2153 457 2239 ἔμελλε·
471 2159 533 2242 τὴν
547 2156 585 2222 δὲ
599 2158 692 2222 λείαν
705 2165 774 2232 τοῖς
789 2154 1024 2240 ἀφαιρεθεῖσιν
1033 2152 1190 2218 ἀπέδωκε.

238 2263 465 2330 XXXXVIIII.
522 2270 631 2329 Ταῦτα
672 2259 935 2346 διαπραξάμενος
975 2260 1102 2344 ἀπῆγεν
1143 2259 1191 2335 εἰς
1200 2274 1273 2324 2281

123 2394 149 2434 ιο
164 2369 289 2453 Ῥώμην
324 2372 382 2448 τάς
420 2371 591 2454 δυνάμεις,
628 2370 683 2436 καί
718 2370 801 2434 κατὰ
837 2369 897 2433 τὸν
932 2367 1035 2433 αὐτὸν
1066 2367 1190 2452 χρόνον

172 2476 353 2562 Οὐαλέριος
386 2474 476 2561 ἧκεν,
513 2473 555 2561 ἦν
587 2474 616 2541 τ’
648 2475 848 2561 ἀμφοτέροις
883 2473 966 2558 μέγα
1003 2480 1191 2558 φρονοῦσιν

169 2581 223 2649 έπί
253 2592 324 2659 ταῖς
353 2585 461 2659 νίκαις
491 2581 584 2660 ἐλπίς
614 2581 786 2668 ἐπιφανεῖς
815 2579 966 2659 κατάξειν
993 2579 1190 2665 θριάμβους.

241 2766 255 2813 1
285 2756 334 2832 ἀλχ
363 2756 480 2827 δυνάμει
508 2774 561 2812 om.
586 2757 608 2810 L
633 2757 663 2810 in
688 2756 741 2812 ἰεο.
821 2763 837 2810 2
863 2755 949 2811 verba
976 2753 1191 2824 ἐμπειροτάτους

169 2828 342 2897 ἐνεδείξαντο
361 2828 414 2899 γάρ
434 2845 486 2882 om.
502 2829 523 2881 L
543 2828 607 2882 add.
622 2828 660 2894 R,
680 2828 729 2882 sed
747 2829 929 2882 manifestam
942 2826 1191 2894 insserpolationem

168 2903 296 2958 redolent
350 2907 367 2954 4
386 2899 471 2954 verba
489 2896 812 2969 πρὸς-προηγούμενος
830 2917 883 2954 om.
898 2899 920 2952 L
934 2899 989 2966 ita,
1004 2900 1037 2952 ut
1050 2916 1088 2965 πρ
1095 2893 1191 2968 [ὸς]-

168 2983 270 3036 κοινῶς
292 2973 322 3028 in
345 2972 459 3037 lacuna,
483 2969 839 3041 πάντες-προηγούμενος
861 2971 892 3024 in
916 2986 981 3040 mge
1005 2969 1105 3022 addita
1134 2968 1191 3021 sint

170 3045 264 3112 aLb3
287 3043 372 3098 verba
395 3042 567 3111 interpolata
589 3058 649 3096 esse
668 3044 799 3111 apparet,
824 3058 887 3095 eum
906 3037 941 3110 ἦν
959 3040 1013 3110 γὰρ
1033 3040 1070 3093 εδ
1088 3039 1191 3092 Βοων-

168 3134 268 3171 norum
299 3116 398 3169 ducem
426 3113 573 3168 referenda
599 3114 656 3168 sint
679 3114 701 3238 χ
728 3110 929 3184 ἀντεχομένους
956 3112 1012 3166 LM
1040 3112 1191 3180 ἀναμαχο-

169 3184 270 3257 μίνους
287 3186 313 3239 V
386 3190 419 3240 10
438 3186 592 3255 τετυχηκώς
611 3201 664 3240 om.
720 3185 750 3239 in
768 3185 820 3240 ἰωυ.
853 3185 855 3256 ἰ
886 3185 978 3238 αἰτῶν
992 3181 1041 3236 LV
1060 3182 1146 3236 αὑτοῦ
1161 3181 1191 3234 Μ

171 3264 203 3312 11
224 3255 383 3326 ἀποσκευὴν
399 3298 493 3312 .....
509 3276 548 3310 ων
567 3256 710 3326 πολλὴνΙι
784 3263 818 3311 14
837 3258 902 3309 ante
917 3255 1076 3309 ἀνεσώσατο
1090 3253 1121 3307 in
1135 3251 1192 3305 VM

170 3325 232 3396 εδρε
258 3328 307 3382 καί
335 3328 490 3394 adduntur,
517 3344 589 3396 quae
617 3328 638 3382 L
667 3344 721 3382 om.
817 3333 849 3380 22
878 3328 943 3396 post
970 3322 1064 3386 νίκαις
1091 3324 1144 3378 lac.
1169 3323 1191 3376 L

169 3399 219 3453 καλ
242 3394 277 3467 ἦν
296 3397 351 3452 VM
374 3398 443 3468 καλὴ
463 3394 498 3467 ἦν
521 3397 692 3468 Grasberger
709 3397 809 3452 Philol.
830 3403 872 3462 28,
888 3402 939 3451 349
959 3397 1008 3449 καὶ
1031 3412 1082 3464 per
1105 3396 1192 3450 ditto-

171 3470 270 3540 graph.
289 3471 353 3538 post
372 3466 465 3531 νίκαις
483 3471 575 3524 ortum
594 3471 676 3525 omisi
695 3469 798 3523 eumL
829 3470 831 3542 λ
862 3467 1002 3537 ἐπιφανὴς
1020 3467 1050 3520 Μ
