2656 3932
177 218 240 284 146
593 247 627 256 -
664 219 704 270 IA
741 247 775 254 -

172 342 283 426 μένων
305 380 350 390 -
372 338 417 425 ἦν
443 340 475 407 δ’
493 341 604 407 αὐτῶν
630 343 668 406 τὸ
696 340 776 407 νέον
802 350 860 425 τῆς
889 344 1013 424 βουλῆς
1035 339 1135 425 μέρος
1158 343 1199 405 τὸ
1212 359 1279 407 2207

173 453 371 533 λειπόμενον
394 485 437 496 -
460 456 563 513 ταῦτα
590 447 786 532 ἡγουμένων
813 447 971 532 κράτιστα
998 441 1085 513 εἶναι
1107 449 1200 532 πλὴν

173 558 307 641 ὀλίγων,
330 553 443 639 ἐπειδὴ
466 555 588 631 πάντες
605 553 818 632 ἀπεδείξαντο
837 555 895 632 τάς
910 553 1039 620 ἑαυτῶν
1052 554 1200 637 γνώμας,

172 665 228 729 καῖ
254 662 348 740 τέλος
375 659 443 727 ἔδει
469 663 510 727 τά
537 661 747 744 βουλεύματα
774 664 900 745 λαβεῖν,
930 659 1113 745 Οὐαλέριος
1134 660 1200 742 μὲν

142 769 267 855 ιήξίου
296 770 507 835 διαδικασίαν
533 771 612 846 τοὺς
637 767 717 834 δέκα
743 774 923 853 προθεῖναι
945 777 1017 845 ταῖς
1039 768 1200 852 γνώμαις,

174 873 275 956 αὖθις
297 875 331 955 ἐξ
354 874 456 962 ἀρχῆς
479 875 605 953 πάντας
625 877 705 952 τοὺς
723 877 906 957 βουλευτάς
923 880 1118 958 καλοῦντας,
1141 875 1200 939 καῖ

173 989 309 1062 πολλοῖς
345 994 413 1049 τῶν
449 982 623 1068 συνέδρων
660 981 851 1048 ἀναθέσθαι
886 980 1105 1065 βουλομένοις
1138 982 1200 1058 τὰς

133 1090 335 1176 2προτέρας
364 1089 549 1174 ἀποφάσεις
577 1097 681 1155 ταῦτα
711 1088 818 1173 λέγων
847 1091 992 1167 πιθανὸς
1019 1085 1075 1173 ἦν·
1107 1092 1200 1174 Κορ-

173 1201 288 1282 νήλιος
323 1196 354 1261 δ’
381 1197 399 1262 ὁ
437 1197 678 1280 συμβουλεύων
709 1205 779 1273 τοῖς
811 1194 891 1262 δέκα
921 1197 984 1280 τὴν
1015 1196 1200 1279 ἡγεμονίαν

129 1326 155 1366 ιο
173 1303 346 1390 ἐπιτρέψαι
377 1313 437 1370 τοῦ
468 1303 615 1386 πολέμου
644 1304 727 1369 κατὰ
756 1304 794 1368 τὸ
821 1303 985 1388 καρτερὸν
1013 1301 1198 1387 ἀπεμάχετο

172 1413 349 1498 κεκρίσθαι
377 1414 414 1478 τὸ
444 1420 580 1497 πρᾶγμα
607 1411 672 1494 ἤδη
700 1408 807 1494 λέγων
835 1409 891 1474 καλ
914 1407 1007 1486 τέλος
1029 1405 1118 1493 ἔχειν
1140 1412 1199 1476 νό-

172 1543 274 1602 μιμον
301 1519 458 1584 ἁπάντων
485 1516 708 1601 έψηφικότων,
734 1514 830 1600 ἠξίου
857 1539 893 1581 τε
922 1516 1116 1600 διαριθμεῖν
1138 1518 1199 1594 τὰς

133 1627 306 1709 3γνώμας
334 1625 390 1690 καί
417 1623 522 1707 μηδὲν
549 1619 597 1688 ἔτι
623 1633 845 1709 καινουργεῖν.
891 1623 1020 1688 τούτων
1043 1622 1081 1688 δὲ
1103 1628 1198 1707 λεγο-

172 1731 283 1815 μένων
311 1727 372 1816 ὑφ’
398 1728 555 1815 ἑκατέρου
586 1732 668 1813 μετὰ
698 1735 823 1814 πολλῆς
855 1731 1044 1815 φιλοτιμίας
1076 1753 1111 1795 τε
1140 1732 1198 1796 καί

129 1859 155 1900 ιι
172 1847 333 1922 κραυγῆς,
355 1837 412 1902 καί
433 1845 494 1902 τοῦ
516 1837 695 1922 συνεδρίου
715 1836 910 1930 διαστάντος
927 1838 1011 1922 πρὸς
1029 1835 1197 1922 ἑκάτερον,

172 1953 240 2009 τῶν
267 1943 328 2027 μέν
356 1942 661 2030 ἐπανορθώσασθαι
691 1946 752 2030 τὴν
775 1943 938 2026 ἀκοσμίαν
960 1952 1021 2009 τοῦ
1044 1945 1197 2009 πολιτεύ-

172 2074 274 2134 ματος
296 2049 511 2135 βουλομένων
529 2062 575 2136 τῷ
599 2051 770 2138 Οὐαλερίῳ
790 2053 1105 2135 συλλαμβανόντων,
1127 2062 1196 2118 τῶν
1206 2070 1272 2119 2208

173 2159 211 2225 δὲ
242 2161 282 2224 τά
311 2161 410 2244 χείρω
440 2157 715 2244 προαιρουμένων
746 2157 802 2223 καὶ
834 2158 926 2234 ὅσοις
958 2158 1118 2236 κίνδυνός
1145 2182 1196 2236 τις

172 2266 384 2332 ὑπωπτεύετο
416 2264 453 2331 έκ
484 2274 542 2348 τῆς
569 2268 751 2349 μεταβολῆς
778 2261 916 2330 ἔσεσθαι
943 2276 989 2350 τῷ
1017 2267 1179 2352 Κορνηλί,

128 2394 155 2434 ιο
173 2375 484 2458 συναγορευόντων·
530 2373 689 2455 λαβόντες
734 2370 890 2457 ἀφορμὴν
936 2372 969 2436 ολ
1015 2371 1094 2437 δέκα
1133 2382 1194 2438 τοῦ

172 2479 329 2563 πράττειν
352 2479 370 2544 ὅ
393 2502 425 2543 τι
448 2477 575 2556 δόξειεν
594 2477 707 2555 αὐτοῖς
729 2479 791 2562 τὴν
808 2487 869 2543 τοῦ
893 2478 1074 2564 συνεδρίου
1096 2503 1195 2564 ταρα-

172 2588 246 2669 χήν,
266 2593 306 2670 τῇ
321 2587 513 2669 Κορνηλίου
531 2587 771 2668 προστίθενται
788 2586 911 2676 γνώμῃ.
941 2585 997 2650 καὶ
1015 2588 1195 2670 παρελθὼν

133 2683 221 2768 4είς
248 2689 281 2768 ἐξ
305 2691 427 2773 αὐτῶν,
442 2688 597 2774 Ἄππιος,
625 2688 703 2776 ἔφη·
726 2693 814 2776 Περὶ
836 2701 896 2758 τοῦ
919 2693 1003 2777 πρὸς
1025 2694 1194 2771 Αἰκανοὺς

173 2798 229 2863 καί
251 2798 423 2880 Σαβίνους
445 2797 591 2880 πολέμου
617 2797 883 2882 συνεκαλέσαμεν
905 2799 1005 2883 ὑμᾶς,
1029 2796 1054 2865 ὦ
1078 2803 1194 2884 βουλή,

129 2926 155 2968 ιι
174 2902 478 2989 διαγνωσομένους,
514 2905 569 2969 καί
606 2906 708 2988 λόγον
744 2904 959 2989 ἀπεδώκαμεν
991 2905 1094 2970 ἀπασι
1125 2916 1194 2983 τοῖς

174 3010 390 3094 βουλομένοις
418 3009 482 3075 ἀπὸ
512 3021 579 3076 τῶν
608 3013 749 3096 πρώτων
771 3013 847 3097 ἀγρι
870 3024 938 3078 τῶν
960 3012 1134 3078 νεωτάτων
1156 3011 1194 3078 όν

247 3257 356 3310 λαύτῶ
375 3255 423 3309 LV
495 3263 511 3311 5
535 3256 724 3312 ἀναδικασίαν
748 3275 771 3311 c.
790 3259 894 3314 Reiske
924 3260 926 3330 ί
956 3267 1012 3313 τῶν
1033 3267 1150 3328 γνωμῶν
1169 3275 1191 3312 c.

175 3327 297 3398 Sylburg
347 3333 363 3381 9
383 3329 588 3399 συμβασιλεύειν
607 3329 708 3383 ΙΝΜο
730 3330 923 3400 συμβουλεύων
942 3329 995 3384 Mb
1047 3336 1081 3384 14
1099 3327 1193 3384 ἑκατέ·

175 3397 426 3524 ρρέποὰιΚίνεεεΙίως
444 3396 624 3468 ἑκατέρωνΟ
682 3405 715 3454 19
734 3409 789 3454 τῶν
809 3399 995 3473 ΚορνηλίῳΙι
1056 3407 1089 3456 22
1108 3417 1191 3469 προσ-
