2662 3920
586 224 742 272 -ι-
1129 171 1189 288 ει

154 345 191 412 ἐν
209 355 249 433 τη
269 345 444 435 πολιορκίᾳ
464 355 525 412 τοῦ
544 347 758 412 Καπιτωλίου
781 347 879 429 μόνοι
902 349 1089 433 συνήραντο
1113 358 1172 414 τοῦ

154 453 308 536 πολέμου.
355 454 481 540 ἀνδρας
506 453 568 536 μὲν
596 453 636 518 οὐ
664 453 810 531 πολλούς
836 476 929 531 τινας
953 452 991 520 ἐν
1013 464 1053 542 τῇ
1076 456 1212 521 κατα-3

154 565 251 646 λήψει
279 559 489 647 διέφθειραν,
517 557 588 626 ἀλλ’
611 557 767 645 ἔφθασαν
788 561 853 645 ἢδη
879 561 1002 639 αὐτούς
1024 562 1089 628 ὑπὸ
1112 564 1174 647 την

154 668 279 734 ἀλωσιν
297 675 355 754 τῆς
374 669 500 745 πόλεως
518 667 682 750 ὠσάμενοι
704 669 760 733 διδ
783 679 850 734 τῶν
868 673 985 734 πυλῶν
1008 670 1040 734 ολ
1063 665 1173 753 ἔνδον,

153 777 254 862 χωρὶς
283 774 304 860 ἢ
338 773 411 840 ὅσοι
442 773 508 841 ὑπὸ
539 778 650 842 νάσων
677 775 697 859 ἢ
727 779 836 861 γήρως
864 785 986 860 φυγεῖν
1014 775 1174 842 ἀδύνατοι
1205 797 1218 838 ε

152 878 249 967 ἦσαν,
281 882 404 965 γύναια
435 882 474 948 δὲ
504 883 560 948 καὶ
591 883 707 948 παιδία
738 882 794 948 καὶ
825 881 1036 968 θεράποντας
1063 883 1173 949 αὐτῶν

152 990 443 1076 ἠνδραποδίσαντο
476 990 531 1054 καλ
562 991 603 1054 τδι
633 993 782 1074 χρήματα
814 990 1010 1075 διήρπασαν.
1063 990 1107 1068 ὡς
1139 986 1214 1054 δ’4

76 1114 143 1164 2039
154 1094 349 1181 ἀπηγγέλθη
368 1097 406 1161 τὸ
425 1097 539 1161 δεινὸν
558 1097 605 1173 είς
622 1098 684 1181 τὴν
698 1095 823 1182 Ῥώμην
841 1095 878 1162 ἐκ
900 1108 968 1162 τῶν
991 1097 1174 1182 διαφυγόν-

153 1227 221 1269 των
247 1202 284 1269 ἐα
315 1210 374 1289 τῆς
403 1203 570 1287 ἁλύσεως,
602 1203 636 1268 οῖ
661 1204 723 1286 μὲν
749 1204 870 1270 ὕπατοι
897 1207 1040 1288 βοηθεῖν
1068 1201 1173 1292 ᾤοντο

154 1312 227 1376 δεῖν
258 1321 328 1388 τοῖς
361 1310 488 1394 φυγάσι
517 1311 599 1376 κατὰ
630 1311 729 1396 τάχος
757 1309 812 1376 καὶ
841 1303 909 1396 τὴν
932 1313 1032 1378 πόλιν
1061 1312 1173 1389 αὐτοῖς
1193 1333 1218 1372 ω

105 1484 111 1490 ,
154 1417 367 1501 ἀποδιδόναι,
390 1414 615 1503 ἀντέπραττον
638 1417 676 1482 δὲ
699 1418 731 1483 οἱ
754 1418 915 1504 δήμαρχοι
936 1420 1093 1504 στρατιάν
1112 1419 1174 1484 οὐκ

154 1521 273 1600 ἐῶντες
299 1524 535 1609 καταγράφειν,
563 1523 624 1601 ἕως
651 1523 693 1590 ἀν
719 1525 740 1608 ἡ
769 1525 845 1610 περί
872 1529 951 1604 τοὺς
973 1527 1098 1609 νόμους
1125 1527 1174 1590 δι-

155 1637 278 1716 ενεχθῇ
301 1636 423 1716 ψῆφος.
461 1627 710 1716 ἀγανακτούσης
733 1631 771 1696 δέ
794 1638 852 1717 τῆς
877 1636 1002 1718 βουλῆς
1024 1633 1080 1698 καὶ
1103 1633 1173 1698 δια-

153 1739 272 1823 τριβὴν
308 1739 542 1823 λαμβανούσης
579 1744 637 1822 τῆς
673 1741 845 1824 στρατείας
882 1739 988 1826 ἕτεροι
1019 1746 1173 1826 παρῆσαν

154 1841 218 1910 ἀπὸ
239 1853 299 1910 τοῦ
318 1847 474 1910 Λατίνων
493 1842 617 1922 ἔθνους
641 1845 889 1931 ἀποσταλέντες,
913 1849 947 1912 οδ
968 1850 1029 1933 τὴν
1049 1847 1173 1912 Ἀντια-
1191 1867 1217 1908 ιε

152 1960 219 2016 τῶν
240 1953 339 2017 πόλιν
362 1953 525 2037 ἤγγελλον
544 1951 580 2018 ἐκ
602 1963 662 2018 τοῦ
687 1962 836 2040 φανεροῦ
861 1951 1092 2039 ἀφεστηκέναι,
1115 1960 1174 2041 μιᾷ

151 2057 368 2144 χρησαμένων
395 2060 509 2150 γνώμη
540 2059 763 2125 Οὐολούσκων
790 2084 825 2126 τε
852 2073 920 2126 τῶν
948 2057 1096 2146 ἀρχαίων
1125 2061 1173 2125 οὐ·

151 2167 301 2251 κητόρων
333 2171 392 2251 τῆς
424 2167 550 2243 πόλεως
581 2165 637 2232 καὶ
662 2165 829 2248 Ῥωμαίων
860 2179 927 2233 τῶν
960 2164 1173 2252 ἀφικομένων

152 2273 196 2348 ὡς
219 2272 341 2349 αὐτοὺς
364 2270 509 2337 ἐποίκων
531 2273 586 2338 καὶ
609 2273 838 2358 μερισαμένων
860 2275 922 2358 τὴν
948 2281 1023 2359 γῆν.
1064 2271 1173 2360 Ἑρνί-

151 2403 221 2444 κων
249 2401 285 2444 τε
313 2380 449 2463 άγγελοι
475 2381 558 2444 κατὰ
587 2382 665 2456 τοὺς
695 2382 817 2457 αὐτοὺς
847 2387 1001 2466 παρῆσαν
1030 2382 1173 2468 χρόνους
1190 2405 1217 2444 εο

152 2485 347 2570 δηλοῦντες,
375 2485 427 2551 ὅτι
454 2486 679 2556 Οὐολούσκων
705 2509 740 2552 τε
767 2488 824 2553 καῖ
845 2489 1004 2554 Αἰκανῶν
1032 2489 1173 2572 δύναμις

151 2593 256 2676 πολλὴ
294 2590 474 2678 ἐξελήλυθε
510 2595 568 2658 καί
602 2591 693 2658 ἐστιν
729 2591 767 2659 ἐν
802 2604 842 2681 τη
880 2597 991 2661 αὐτῶν
1022 2596 1086 2681 ἤδη
1119 2605 1171 2682 γῇ.
1203 2656 1205 2661 .

151 2699 280 2764 τούτων
307 2699 373 2782 ἅμα
400 2699 741 2785 προσαγγελλομένων
768 2701 928 2785 οὐδεμίαν
956 2700 1211 2788 ἀναστροφὴνὸ

152 2802 200 2869 ἔτι
218 2813 389 2872 ποιεῖσθαι
406 2816 476 2884 τοῖς
495 2805 531 2872 ἐκ
553 2816 614 2872 τού
632 2809 812 2894 συνεδρίου
836 2807 958 2894 ἐδόκει,
982 2806 1066 2876 ἀλλά
1089 2831 1171 2876 παν-

152 2919 288 3001 στρατιᾷ
310 2915 452 2998 βοηθεῖν
470 2914 526 2980 καύ
544 2917 623 2991 τούς
641 2914 789 2992 ὑπάτους
807 2914 1014 3002 ἀμφοτέρους
1037 2915 1170 2995 ἐξιέναι·
1189 2939 1215 2980 ιι

224 3093 239 3141 2
265 3087 314 3141 καὶ
341 3087 448 3156 ἄνδρας
472 3091 633 3152 πολλούςΑ
658 3089 766 3159 ἀνδρας
788 3090 838 3160 μὲν
862 3087 913 3146 οὐν
936 3093 1096 3155 πολλούςΒ
1121 3093 1170 3147 καλ

152 3157 259 3226 ἀνδρας
284 3159 335 3228 μὲν
361 3159 394 3214 ού
420 3162 538 3223 πολλοὺς
564 3194 599 3201 -
628 3160 807 3230 διέφθειραν,
833 3161 965 3232 ἔφθησαν
990 3163 1044 3233 γὰρ
1069 3165 1171 3226 αὐτούς

151 3229 255 3285 Reiske
327 3231 519 3301 λουσάμενοι
537 3249 559 3286 ο.
579 3233 702 3288 Kiesslin
751 3235 753 3305 ι
782 3232 830 3287 διὰ
847 3242 903 3288 τῶν
922 3232 1058 3289 ἐναντίων
1075 3239 1169 3290 πυλῶν

152 3317 175 3355 ο.
194 3300 298 3356 Reiske
321 3300 360 3356 δι’
378 3301 468 3357 ἀλλων
486 3323 514 3358 π.
535 3320 557 3358 ι.
578 3303 665 3358 Cobet
683 3252 748 3358 Οὐε.
768 3323 795 3374 p.
813 3309 863 3358 192
936 3310 952 3358 8
976 3304 1006 3359 ἐκ
1029 3314 1085 3360 τῶν
1108 3308 1170 3360 δια-

153 3369 299 3497 ἓῖ”ὐίέλύἔ
323 3374 663 3516 ⁰'1ff⁰{32¹{‘³020oe‡3a?ff²
681 3377 747 3501 '2⁴3³
756 3373 868 3502 λίίῗῗῗ
884 3374 1063 3520 25:⁰33?
1082 3375 1170 3502 λίλά

152 3531 211 3582 μεις
231 3513 277 3568 Ba
