2654 3916
151 195 217 261 298
569 223 603 234 -
640 196 656 247 1
660 196 686 248 Θ
723 224 757 233 -

151 343 208 403 μοι
239 320 332 386 δοκεῖ
367 319 544 406 σώφρονος
580 315 792 404 ἀπειλητικὰς
826 320 969 404 πέμπειν
999 319 1175 398 ἐπιστολὰς

150 427 236 512 πρὸς
252 428 332 504 τοὺς
349 423 532 510 ὑπηκόους·
555 419 604 492 ὧν
624 425 655 491 δ’
670 427 748 493 οὔτε
770 428 832 512 τήν
851 426 996 511 δύναμιν
1019 425 1175 513 ἐξήτακεν
1314 503 1315 508 ¹

152 535 229 600 οὔτε
260 533 319 611 τάς
351 529 469 619 ἀρετὰς
501 531 682 617 ἐπέγνωκε,
714 534 843 600 τούτων
874 534 919 612 ὡς
951 534 1093 620 φαύλων
1118 534 1175 600 καί

151 641 294 725 μηθενὸς
330 637 433 718 ἀξίων
467 650 704 726 καταφρονεῖν,
743 641 889 726 ἀνονήτου
927 664 984 724 μοι
1020 643 1176 726 φαίνεται

121 744 278 832 ετρόπου
306 749 484 832 τεκμήριον
506 740 593 813 εἶναι
619 748 676 813 καί
701 749 740 813 τὸ
767 748 934 834 βιάφορον
957 747 1019 814 οὐκ
1041 745 1174 814 ἐπιστα-

111 855 264 939 3μένου.
317 854 411 938 ἡμεῖς
443 853 482 918 δὲ
513 853 555 918 οὐ
586 863 657 932 τολς
693 851 806 939 λόγοις
841 860 1061 940 τιμωρείσθω
1096 856 1176 931 τοὺς

151 960 297 1049 ἐχθροὺς
327 960 506 1043 εἰώθαμεν,
542 957 627 1026 ἀλλὰ
657 969 728 1038 τοῖς
759 957 884 1046 ἔργοις,
919 961 976 1026 καί
1012 961 1089 1027 οὔτε
1125 960 1176 1025 ἀι-

151 1069 277 1153 καστην
299 1066 488 1150 ποιούμεθά
515 1083 553 1132 σε
580 1067 657 1153 περί
685 1061 734 1133 ὧν
761 1069 978 1154 Ταραντίνοις
1003 1067 1025 1153 ἢ
1048 1069 1176 1134 Σαυνί-

150 1199 223 1254 ταις
239 1174 260 1260 ἢ
279 1183 349 1252 τοῖς
367 1175 480 1252 ἀλλοις
498 1176 668 1257 πολεμίοις
690 1173 895 1258 ἐγκαλοῦμεν
917 1173 988 1240 οὔτ’
1010 1173 1177 1260 έγγυητήν

106 1303 133 1345 ιο
151 1282 364 1367 λαμβάνομεν
386 1279 579 1364 ἐκτίσματος
604 1281 758 1366 οὐθενός,
786 1282 870 1347 ἀλλά
897 1290 967 1358 τολς
994 1281 1089 1366 ήμῶν
1116 1281 1176 1347 αὐ-

150 1401 219 1456 τῶν
248 1389 364 1466 ὅπλοις
393 1390 453 1454 τὸν
483 1387 597 1472 ἀγῶνα
624 1397 806 1473 κρινοῦμεν
835 1388 891 1454 καλ
920 1389 979 1465 τάς
1007 1390 1176 1474 τιμωρίας,

151 1498 196 1576 ὡς
223 1496 266 1563 ἀν
294 1495 389 1562 αὐτοὶ
416 1494 580 1580 θέλωμεν,
607 1493 848 1582 ἀναπράξομεν.
893 1503 998 1561 ταῦτα
1025 1495 1067 1580 δή
1094 1516 1176 1581 προ-

152 1605 248 1682 ειδὼς
278 1603 528 1687 ἀνταγωνιστήν
556 1603 637 1686 ἡμῖν
667 1603 892 1690 παρασκεύαζε
924 1604 1062 1686 σαυτόν,
1092 1602 1176 1668 ἀλλά

110 1711 194 1795 4μη
223 1711 390 1793 δικαστήν.
436 1707 510 1796 (18)
536 1709 605 1774 Καί
631 1709 709 1794 περὶ
736 1702 785 1774 ὧν
811 1710 897 1794 ἡμᾶς
923 1709 1024 1786 αὐτὸς
1051 1707 1177 1786 ἀδικεῖς

106 1837 132 1879 ιι
151 1815 308 1893 οόστινας
344 1813 506 1899 ἐγγυητὰς
542 1814 745 1898 ἀκτισμάτων
778 1814 929 1903 παρέξεις
965 1818 1094 1882 σκόπει·
1130 1818 1176 1902 μή

155 1923 381 2008 Ταραντίνους
405 1921 569 2008 ἀναβέχου
592 1923 676 2008 μηδὲ
697 1925 777 2001 τοὺς
800 1926 978 2007 πολεμίους
1000 1925 1041 1990 τά
1064 1924 1177 1990 δίκαια

150 2028 296 2116 ὑφέξειν.
348 2030 379 2094 ελ
408 2025 439 2094 δ’
465 2026 501 2094 ἐκ
532 2031 657 2106 παντὸς
686 2031 813 2115 τρόπον
843 2032 990 2114 πόλεμον
1019 2030 1176 2116 αίρεσθαι

151 2139 235 2224 πρὸς
260 2138 345 2222 ήμάς
372 2135 568 2232 διέγνωκας,
597 2137 672 2204 ἴσθι
699 2153 754 2203 σοι
780 2138 881 2204 ταύτὸ
909 2139 1175 2223 συμβησόμενον,

151 2244 169 2310 ό
192 2253 274 2310 πᾶσι
297 2245 495 2327 συμβαίνειν
518 2241 645 2329 ἀνάγκη
668 2253 739 2322 τολς
761 2245 926 2330 μάχεσθαι
947 2242 1175 2328 βουλομένοις,

107 2326 233 2457 ἔξωρόν
255 2348 403 2429 έξετάσαι
426 2351 509 2434 πρὸς
533 2349 592 2429 οὓς
615 2355 812 2437 ποιήσονται
834 2352 896 2436 τήν
918 2351 1035 2437 μάχην.
1071 2359 1176 2416 ταῦτα

151 2457 418 2542 ἐνθυμούμενος,
441 2457 474 2523 εί
489 2480 582 2536 τινος
599 2457 658 2549 θέη
681 2468 748 2524 τῶν
766 2457 944 2544 ήμετέρων,
967 2457 1176 2541 ἀποθέμενος

151 2566 209 2642 τάς
236 2563 372 2642 ἀπειλάς
399 2564 454 2630 καί
481 2565 519 2630 τὸ
546 2566 722 2648 βασιλικὸν
744 2565 874 2650 αὔχημα
901 2565 1097 2648 καταβαλὼν
1123 2563 1176 2630 όθι

151 2672 236 2756 πρὸς
267 2671 329 2756 τήν
361 2671 490 2756 βουλήν
521 2672 577 2738 καλ
608 2672 745 2738 ἀίόασκε
776 2673 832 2738 καί
863 2679 962 2738 πείθε
989 2673 1068 2750 τοὺς
1095 2679 1194 2737 συν-’

153 2777 286 2864 έθρους,
314 2779 358 2858 ὡς
386 2778 526 2856 οόάενὸς
548 2778 723 2864 ἀτυχήσων
746 2779 823 2846 οὔτε
845 2789 913 2844 τῶν
936 2779 1075 2844 δικαίων
1098 2778 1176 2844 οὔτε

107 2905 133 2947 ιι
151 2895 219 2952 τῶν
242 2885 474 2970 εὐγνωμόνων.
515 2885 624 2952 Ambr.

223 2991 277 3058 XI.
311 2991 381 3081 (18,
410 2991 445 3078 1)
478 2993 639 3076 Λαβίνιος
676 2991 694 3058 ὁ
723 2989 889 3075 Ῥωμαίων
920 2992 1046 3071 ὕπατος
1077 2991 1175 3058 κατά-

153 3113 280 3168 σκοπον
302 3108 362 3166 τοῦ
386 3099 529 3185 Πύρρου
557 3099 735 3182 συλλαβὼν
756 3101 965 3176 καθοπλίσας
992 3101 1054 3185 τήν
1077 3115 1176 3186 στρα-

225 3244 259 3294 16
276 3239 342 3303 τοὺς
360 3239 461 3302 ἀλλους
478 3237 627 3309 πολεμίους
645 3255 668 3293 ο.
683 3239 826 3310 Kieusling
840 3238 1004 3294 dubitanter
1064 3246 1096 3295 1'1
1111 3239 1176 3294 'ui-

153 3314 268 3378 ρελτθαι
289 3310 386 3365 Ambr.
410 3309 545 3379 αἴρεσθαι
569 3327 621 3381 ogo
645 3309 680 3366 cf.
700 3309 766 3366 Obs.
786 3311 846 3365 crit.
865 3327 892 3379 p.
908 3316 960 3365 813
1036 3317 1070 3365 18
1092 3321 1174 3366 τοῦτο

152 3381 247 3437 Ambr.
267 3379 352 3438 ταότό
372 3382 470 3436 Stmve
543 3388 576 3436 λλ
600 3383 650 3437 καί
673 3385 739 3438 ουλε
762 3378 940 3444 καθοπλίσας
958 3382 1054 3438 Ambr.
1073 3383 1100 3436 A
1120 3399 1174 3438 om.

153 3453 248 3509 Ambr.
264 3453 287 3520 Q
306 3453 361 3508 del.
381 3453 468 3507 etiam
487 3452 585 3510 Struve
