2654 3916
560 253 594 262 —
631 225 677 277 ιο
715 253 748 262 -
1099 225 1165 292 305

144 345 248 435 ἀρχάς
269 348 325 414 καί
347 348 520 434 πρεσβεύω
543 350 602 426 τάς
624 347 885 434 ἐπιφανεστάτας
907 352 1083 435 πρεσβείας
1109 351 1166 417 καί

144 457 331 538 σεβασμούς
356 455 455 540 ἱερῶν
473 456 669 540 πιστεύομαι
690 459 770 533 τοὺς
788 455 990 540 άγιωτάτους
1006 457 1063 522 καί
1080 459 1167 543 γνά·

143 586 209 647 μην
242 558 418 647 ἀγορεύειν
451 558 645 646 ἀξιούμενος
680 563 757 648 περί
792 574 859 629 τῶν
896 560 1166 648 ἀναγκαιοτάτων

142 673 307 752 καλοῦμαι
334 667 372 734 ἐν
395 659 423 758 ᾦ
450 673 609 754 προσήκει
631 693 671 752 με
693 671 799 759 τόπῳ,
822 668 1023 754 ἐπαινοῦμαι
1048 694 1083 736 τε
1110 672 1166 737 καί

143 779 303 860 ζηλοῦμαι
330 776 386 841 καί
413 776 553 853 ούόενὸς
580 776 735 862 δεύτερός
763 778 829 860 είμι
856 788 924 843 τῶν
946 777 1083 862 μέγιστα
1106 779 1166 844 όυ-
1197 800 1209 841 ι

143 882 298 966 ναμένων
315 882 371 948 καί
389 883 597 968 παράδειγμα
619 893 690 961 τοίς
712 884 826 961 ἄλλοις
848 877 934 950 εἶναι
957 886 1045 952 δοκῶ
1067 890 1166 950 καλο-

143 991 323 1074 καγαῦίας,
351 989 453 1055 οὐδέν
476 988 512 1055 ἐκ
539 1000 598 1075 της
622 988 701 1074 ἐμῆς
724 990 842 1068 οὐσίας
864 991 912 1068 είς
935 1001 1038 1057 ταῦτα
1061 992 1166 1057 δαπα-

142 1107 223 1181 νῶν,
256 1096 366 1182 ὥσπερ
399 1095 480 1161 οὐδὲ
511 1106 579 1164 τῶν
611 1098 722 1163 ἄλλων
754 1097 874 1164 ούόεί.
924 1096 998 1186 (14)
1029 1099 1070 1165 οὐ
1100 1101 1206 1184 γάρ4

143 1202 273 1289 ἐνοχλεῖ
294 1212 365 1280 τοίς
387 1201 527 1268 έκάσεου
549 1205 637 1286 βίοις
660 1206 681 1289 η
705 1207 801 1282 πόλις
822 1206 843 1289 η
863 1203 1030 1287 Ῥωμαίων
1053 1205 1165 1293 ὥσπερ

142 1311 231 1388 τινές
254 1309 372 1396 ἕτεραι,
395 1307 433 1376 έν
451 1300 504 1387 αίς
524 1308 542 1374 ὁ
561 1312 674 1388 κοινὸς
691 1312 753 1395 μὲν
770 1316 914 1388 πλοῦτος
932 1311 1044 1396 ὀλίγος
1062 1311 1165 1398 ἐστίν,
1184 1337 1210 1376 ιο

143 1417 161 1483 ὁ
185 1417 223 1484 δέ
245 1427 313 1484 τῦν
333 1417 476 1483 ἰδιωτῶν
493 1417 613 1501 πολύς,
637 1417 708 1483 ἀλλ’
725 1419 808 1503 αὐτη
831 1417 967 1504 παρέχει
989 1428 1060 1496 τοίς
1081 1421 1165 1504 πρὸς

58 1527 183 1594 κ3οκτά
204 1524 302 1590 κοινά
324 1532 523 1609 προσιοῦσιν
550 1523 694 1608 ἅπαντα,
723 1526 812 1592 ὅσων
839 1525 986 1610 δέονται,
1015 1529 1165 1612 λαμπράς

141 1631 197 1697 καί
226 1635 486 1716 μεγαλοπρεπείς
516 1629 717 1697 ύιιοτιθείσα
745 1635 914 1719 χορηγίας·
947 1632 1031 1700 ὥστε
1059 1635 1165 1720 μηδὲν

143 1738 337 1824 ἀτιμότερον
369 1731 455 1803 είναι
491 1738 551 1803 τὸν
582 1738 784 1806 πενόστατον
815 1749 876 1806 τοῦ
912 1741 1163 1808 πλουσιωτάτου

141 1848 224 1912 κατὰ
253 1847 314 1930 την
344 1842 523 1922 ἐπαξίωσιν
551 1856 619 1911 τῶν
648 1852 770 1932 καλῶν,
803 1844 888 1913 ἀλλὰ
916 1848 1042 1926 πάντας
1076 1843 1163 1914 είναι
1182 1869 1208 1910 ιι

138 1950 326 2036 Ῥωμαίους,
349 1951 423 2018 ὅσοι
441 1949 484 2017 ἂν
502 1947 564 2018 ὦσι
582 1954 638 2019 διά
656 1956 908 2038 καλοκαγαθίαν
925 1955 1054 2019 τούτων
1077 1955 1163 2033 άξιοι

141 2070 209 2125 τῶν
231 2069 346 2143 τιμῶν,
373 2054 530 2144 άλληλοις
557 2059 659 2136 ίσους.
706 2059 804 2125 ὁπότε
832 2059 870 2124 δέ
897 2061 1079 2143 πενόμενος
1105 2061 1202 2128 ού-5

141 2167 201 2232 όέν
228 2167 317 2250 παρά
343 2161 433 2230 τοῦτ’
456 2162 593 2231 ἔλαττον
622 2163 685 2252 ἔχω
713 2177 780 2232 τῶν
807 2167 915 2231 πολλὰ
943 2166 1162 2252 κεκτημένων,

141 2275 176 2337 τί
205 2271 327 2336 παθὼν
358 2271 401 2336 άν
427 2273 638 2357 κατηγόρησα
669 2283 727 2357 τῆς
757 2273 873 2358 τύχης,
905 2273 956 2339 ὅτι
988 2273 1049 2358 ούχ
1081 2273 1163 2356 ύμίν

141 2375 282 2462 (ὅμοιον
300 2375 377 2460 ἐμὲ)
396 2376 531 2463 ἐποίησε
552 2389 622 2456 τοίς
644 2383 850 2463 βασιλεῦσιν,
871 2371 922 2457 οίς
940 2379 958 2445 ό
976 2383 1081 2458 πολύς
1098 2388 1163 2467 θη·
1181 2403 1208 2443 ιο

141 2487 329 2571 σαυρίζεται
350 2488 487 2571 χρυσός;
515 2485 599 2551 ἀλλά
621 2488 687 2571 μὴν
710 2483 748 2552 έν
770 2510 808 2570 γε
831 2496 901 2564 τοίς
925 2487 1023 2567 ίόίοις
1045 2497 1163 2555 τοσοῦ-

140 2616 200 2659 τον
228 2590 337 2677 άπέχω
365 2593 636 2677 κακοδαιμονίας,
663 2589 740 2658 ὥστ’
763 2592 801 2660 έν
828 2593 954 2678 όλύγοις
980 2595 1070 2662 πάνυ
1095 2607 1163 2663 τῶν

214 2775 279 2823 2⁶⁸
298 2765 457 2838 αομίοοςΟ
481 2785 550 2822 corr.
570 2768 693 2839 Sylburg
764 2775 781 2824 4
802 2769 833 2824 έν
854 2763 876 2844 ᾧ
895 2769 1029 2842 προσήκει
1046 2772 1161 2844 μετώπῳ

140 2841 171 2894 in
194 2840 262 2894 edit.
310 2840 392 2923 quini,
415 2859 449 2908 με
470 2837 547 2912 τόπῳ
571 2858 594 2894 ο.
614 2839 749 2911 Sylbnrg,
770 2841 843 2895 nihil
861 2842 896 2896 de
914 2843 989 2896 Boor
1006 2842 1162 2910 adnotavit,

140 2908 281 3051 αα
302 2981 554 3053 ι,
577 2911 935 3038 ειυιεαευ·

141 3052 265 3123 ἐνοχλεῖν
283 3052 309 3106 Β,
374 3058 405 3107 11
425 3051 441 3107 ὃ
461 3052 492 3108 δέ
524 3026 634 3109 ούόὲΧ
698 3061 732 3110 12
751 3053 870 3110 δέωνται
887 3054 913 3108 X
931 3052 1004 3110 όοων
1023 3005 1163 3111 ἇνχδέων-

140 3143 188 3179 ται
210 3122 353 3194 Kiessling
426 3129 459 3179 15
502 3123 639 3191 παξίωοιν
657 3126 707 3181 Ev
726 3124 876 3192 έπαξίωοιν
894 3125 946 3180 ΜΡ
1024 3132 1057 3181 17
1081 3127 1163 3196 άλλη-

141 3197 206 3258 λους
220 3193 243 3248 Ο
258 3210 327 3249 corr.
342 3195 460 3250 Ursinus
514 3202 546 3251 19
565 3196 746 3268 κατηγόρηκα
760 3197 783 3253 Ο
802 3193 980 3267 κατηγόρησα
993 3197 1136 3268 Kiessling
1157 3198 1161 3271 1

141 3267 211 3336 ὀὐχ
229 3266 296 3335 ῦμῑν
315 3265 427 3336 ἐποίησε
446 3266 469 3322 0
493 3268 556 3338 οίχί
575 3269 653 3332 ίοους
671 3271 738 3339 ύμῖν
756 3266 868 3338 ἐποίησε
887 3268 1005 3323 Ursinus
1028 3270 1080 3324 οῦκ
1100 3267 1162 3323 ίοον

141 3339 208 3408 ύμῖν
226 3333 339 3404 ἐποίησε
357 3337 402 3392 vel
420 3339 471 3410 οὐχ
489 3341 556 3409 ῦμῑν
575 3339 686 3407 ἐξίσωσε
710 3340 832 3410 Sylburg
857 3339 933 3409 quod
955 3339 1098 3410 Kiessling
1120 3356 1163 3394 re-

142 3409 231 3534 ηορὶἔς
250 3409 322 3534 poa
333 3407 492 3535 ίσρνίόχίἰί
510 3410 744 3554 ἐμέέἷὲείηίιείοῦχ
761 3409 858 3482 ὅμοιον
873 3408 985 3480 ἐποίησε
999 3411 1164 3467 dubitanter

162 3497 178 3535 e
221 3497 271 3535 oor
322 3499 340 3550 χ
376 3499 396 3548 μ
460 3502 542 3551 μοιον
640 3503 678 3539 πο
690 3500 739 3553 ησε
758 3499 810 3553 ego

190 3601 293 3641 mom.
303 3598 366 3639 mn.
373 3597 414 3640 IV.
423 3607 464 3641 nn.
475 3599 581 3643 ῦΔοοετ.
968 3594 1001 3643 20
