2668 3922
594 207 627 216 -
665 179 705 229 τι
742 205 777 214 -
860 158 876 208 -’
1131 177 1195 243 183

175 304 346 389 θυγατρὸς
369 302 386 369 ὁ
410 303 609 387 τυραννικὸς
631 298 714 388 ἔρως
738 303 917 388 προελθὼν
945 305 1114 386 στήσεται,
1141 301 1197 366 καλ

176 411 252 496 περὶ
287 411 328 474 τά
364 411 463 475 λοιπά
505 409 638 493 σώματα
679 409 809 475 παίδων
846 431 880 474 τε
920 408 976 474 καλ
1016 406 1197 494 παρθένων

176 520 395 602 σωφρονήσει.
450 521 575 600 πολλής
605 515 719 600 μέντοι
750 517 876 598 μωρίας
906 516 962 581 καλ
995 515 1237 600 σκαιότητος,5

176 634 291 709 σαφῶς
318 623 403 708 λ’στε,
429 625 471 688 τά
498 624 665 707 νοούμενα
692 623 793 689 ταῦθ’
810 623 855 700 ὡς
878 623 940 688 οὐκ
963 619 1055 687 ἔσται
1078 621 1196 706 λέγειν.

9 743 10 746 ’
95 747 166 798 2264
175 731 325 815 ἀόριστοι
356 732 420 815 γάρ
453 731 488 796 αλ
519 741 588 796 τῶν
619 729 795 815 τυράννων
832 728 1008 813 ἐπιθυμίαι
1043 730 1126 794 κατά
1159 730 1197 795 τὸ
1230 749 1242 790 ι

176 839 278 922 εἰκός,
299 829 354 903 οἷα
372 839 414 922 δή
432 841 513 922 μήτε
531 839 636 920 νόμον
655 833 791 922 ἔχουσαι
809 837 962 920 κωλυτὴν
980 839 1060 921 μήτε
1078 838 1197 920 φόβον.

175 943 252 1028 ἐμοί
271 967 307 1010 νε
330 946 372 1030 δή
395 944 595 1030 πράττοντες
617 946 778 1031 τιμωρίαν
801 944 935 1009 δικαίαν
957 943 1012 1008 καλ
1034 941 1116 1025 ὑμῖν
1139 943 1198 1009 αύ-

175 1063 246 1130 τολς
272 1051 468 1137 ἀσφάλειαν,
497 1051 553 1117 ἵνα
579 1053 623 1136 μή
650 1051 755 1117 ταύτὰ
782 1050 927 1134 πάθήιε,
955 1051 1198 1134 παρασκευαζό-

176 1182 271 1241 μενοι
293 1156 489 1244 διαρρήξατε
511 1158 575 1243 ήόή
599 1158 679 1224 ποτὲ
699 1160 778 1235 τοὺς
800 1157 973 1242 χαλινούς,
996 1152 1022 1222 ὦ
1041 1155 1198 1242 σχέτλιοι·

177 1265 384 1350 ἀναβλύψατε
408 1265 527 1350 ὀρθοῖς
549 1265 672 1348 όμμασι
696 1266 780 1351 πρὸς
806 1265 868 1348 τήν
892 1262 1098 1349 ἐλευθερίαν.
1143 1236 1244 1366 ἐπὶῇ

176 1375 244 1438 τίνι
261 1374 325 1458 γάρ
345 1371 440 1460 ἑτέρα
458 1372 625 1458 προφάσει
643 1376 770 1454 μᾶλλον
786 1371 1028 1456 ἀγανακτήσετε
1045 1369 1066 1455 ή
1085 1371 1198 1461 ταύτῃ,

177 1480 231 1544 ὅτε
254 1481 312 1556 τάς
334 1489 402 1544 τῶν
424 1484 570 1570 πολιτῶν
590 1477 779 1564 θυγατέρας
802 1477 849 1555 ὡς.
870 1477 994 1555 δούλας
1012 1475 1199 1562 άπάγουσιν

178 1587 211 1650 ολ
241 1586 402 1671 τύραννοι
433 1586 489 1651 καλ
520 1587 601 1669 μετὰ
630 1587 800 1670 μαστίγων
829 1593 1129 1669 νυμφαγωγοῦσιν;
1161 1582 1199 1650 ἐν

177 1693 261 1780 ποίῳ
299 1693 337 1758 δὲ
372 1693 409 1758 τὸ
442 1690 624 1776 ἐλεύθερον
658 1693 814 1778 φρόνημα
848 1691 1061 1777 ἀναλήψεσθε
1095 1703 1198 1778 καιρῷ

176 1801 236 1865 τὸν
265 1808 331 1866 νῦν
360 1798 533 1886 παρέντες,
560 1797 597 1864 ἐν
626 1791 653 1888 φό
679 1800 720 1865 τά
747 1799 833 1865 ὅπλα
860 1799 936 1886 περὶ
959 1809 1028 1876 τολς
1051 1799 1200 1882 σάμασιν
1219 1817 1244 1859 ιι

68 1991 71 1995 .
177 1902 280 1991 ἕχετε;

247 2012 412 2080 ΧΧΧΧΠ.
435 2011 509 2079 ”En
546 2012 578 2078 δ’
608 2013 713 2079 αὐτοῦ
750 2013 906 2097 λέγοντος
943 2012 1130 2096 ἀνεβόησαν
1166 2013 1200 2076 ολ

176 2120 295 2186 πολλοὶ
324 2123 524 2206 τιμωρήσειν
553 2119 814 2204 ὑπισχνούμενοι
844 2117 900 2184 καλ
929 2120 1008 2194 τοὺς
1035 2117 1200 2201 ήγεμόνας

176 2237 244 2293 τῶν
267 2229 376 2311 λόχων
398 2224 432 2304 ἐξ
456 2226 618 2309 ὀνόματος
641 2223 784 2291 ἐκάλουν
807 2222 977 2303 ἀξιοῦντες
1004 2220 1105 2310 ἔργου
1132 2221 1200 2308 ἔγε-

94 2339 277 2416 ννοσσθαι,
297 2332 353 2397 καλ
376 2331 413 2398 ἐκ
434 2342 495 2398 τοῦ
519 2340 669 2418 φανεροῦ
692 2331 811 2401 πολλοὶ
834 2332 1010 2417 παριόντες
1027 2328 1200 2417 ἐθάρρουν
1217 2351 1244 2392 ιο

176 2438 298 2524 λέγειν,
328 2439 360 2504 εἴ
386 2461 419 2503 τι
449 2439 562 2504 δεινὸν
588 2435 675 2523 ήσαν
702 2439 918 2516 πεπονθότες.
968 2439 1134 2520 μαθόντες
1162 2437 1239 2503 όὲθ

175 2549 216 2612 τά
240 2545 410 2636 γενόμεναΙ
426 2548 458 2612 ολ
481 2543 579 2612 πέντε
602 2545 736 2632 ἄνδρες,
761 2544 820 2623 οὓς
843 2542 930 2630 ἔφην
951 2545 1109 2630 ήγεῑσθαι
1131 2555 1198 2610 τῶν

176 2654 361 2738 ταγμάτων,
392 2653 576 2738 δείσαντες,
607 2657 652 2738 μή
681 2675 731 2730 τις
761 2649 811 2718 ἐπ’
839 2652 962 2730 αὐτοὺς
992 2663 1060 2718 τῶν
1089 2652 1198 2738 όχλων

178 2759 261 2847 ὁρμή
289 2760 440 2846 γένηται,
470 2760 681 2848 συνέδραμον
709 2761 756 2838 εἰς
783 2759 820 2826 τὸ
849 2763 1049 2847 στρατήγιον
1077 2759 1199 2836 πάντες

177 2869 232 2933 καλ
263 2870 344 2952 μετὰ
374 2879 442 2934 τῶν
470 2871 580 2954 φίλων
609 2867 786 2952 ἐσκόπουν,
818 2867 907 2946 ὅπως
939 2867 1106 2932 παύσουσι
1136 2867 1198 2949 τήν
1217 2891 1242 2932 ιι

178 2977 333 3060 ταραχήν,
360 2977 401 3041 τά
429 2977 534 3042 οἰκεῖα
561 2976 647 3042 ὅπλα
673 2974 957 3062 περιστησάμενοι.
999 2973 1047 3051 ’ὡς
1064 2969 1106 3079 ,θ’
1120 2969 1238 3038 ἐπύ·3

251 3226 267 3275 3
293 3219 478 3347 οκαιάτητοςήἰ
494 3219 648 3291 κακότητος
670 3222 749 3276 ΙΝΜ
773 3223 803 3276 in
828 3237 893 3291 mge
974 3226 992 3274 4
1014 3220 1154 3289 νοούμενα
1175 3217 1197 3273 O

178 3293 373 3362 ύπονοούμενα
391 3294 495 3348 Reise
550 3300 583 3348 12
604 3291 648 3348 ότε
668 3294 690 3348 0
710 3292 753 3348 ότι
770 3293 913 3361 Kiessling
968 3297 1001 3345 22
1019 3288 1197 3362 γενόμεναΟ

179 3371 213 3418 23
238 3363 408 3436 πραγμάτων
430 3365 450 3420 Ο
527 3371 562 3420 24
584 3364 687 3428 πάντες
708 3365 730 3420 0
808 3371 841 3420 25
865 3363 1034 3418 παύσωσιΟ
1059 3363 1199 3417 παύσουσι

178 3436 289 3507 Krfiger
306 3436 394 3490 Index
411 3455 452 3506 gr.
472 3455 512 3507 gr.
531 3454 559 3506 p.
576 3441 628 3492 268
