2668 3922
566 223 748 272 -ιι-
1018 172 1022 178 ’
1102 221 1166 287 193

148 349 209 431 τὴν
237 347 421 433 ἀνανδρίαν
448 346 596 431 ηνείχετο
623 346 734 429 μένων
761 342 814 430 ἐφ’
836 347 983 430 ἡσυχίας.
1032 344 1104 412 ἐπεί
1132 343 1162 411 δ’

148 453 233 538 έγνω
261 455 323 538 την
350 455 529 539 κρατίστην
551 463 620 518 τῶν
642 455 809 536 πολεμίων
832 454 977 537 δύναμιν
1005 451 1059 518 ἐπί
1086 474 1166 540 προ-

147 563 255 646 νομὴν
277 572 334 646 της
349 559 512 648 Ἑρνίκων
534 583 569 625 τε
587 560 643 625 καί
661 563 817 626 Λατίνων
835 569 895 644 γῆς
913 557 1166 644 ἐξεληλυθυῖαν,

147 667 184 734 ἐν
208 669 246 736 δέ
268 675 315 757 τῷ
335 669 454 754 χάρακι
472 667 626 752 φυλακὴν
645 667 722 733 οὔτε
739 669 868 752 πολλὴν
885 666 1167 752 καταλειπομένην

147 773 213 841 οὔτ’
232 775 375 861 ἀγαθήν,
389 783 511 841 τοῦτον
525 771 609 839 εἶναι
622 775 762 856 νομίσας
774 775 835 839 τὸν
847 775 965 859 καιρὸν
980 772 1167 859 ἐπιτήδειον
1199 797 1210 838 ι

146 880 240 967 ἐξῆγε
267 881 515 968 κεκοσμημένην
542 882 604 965 τὴν
631 882 789 966 στρατιάν
815 881 871 947 καί
894 880 1099 966 παρέστησεν
1123 882 1167 959 ὡς

147 991 194 1067 είς
228 990 343 1075 μάχην.
385 989 525 1066 οὐδενός
554 985 583 1053 τ’
610 988 823 1066 ἀντεπιόντος
853 987 984 1073 ἐκείνην
1015 988 1077 1071 μὲν
1105 991 1206 1074 την4

64 1115 136 1164 2279
146 1097 272 1182 ἡμέραν
299 1095 422 1182 ἐπεῖχε,
451 1105 491 1182 τῇ
520 1092 551 1160 δ’
574 1093 647 1180 ἑξῆς
674 1094 729 1162 ἐπὶ
755 1097 817 1182 την
842 1095 1032 1180 ἀποσκευὴν
1055 1097 1166 1163 αὐτῶν

145 1201 227 1288 ἦγεν
256 1205 296 1270 οὐ
328 1205 460 1291 σφόδρα
488 1203 614 1288 ὀχυράν
642 1197 755 1268 οὖσαν.
783 1205 949 1286 μαθόντες
972 1203 1010 1270 δέ
1032 1209 1166 1290 πολιορ

145 1312 311 1394 κοάμενον
351 1313 411 1378 τὸν
447 1311 574 1396 χάρακα
610 1312 643 1376 ολ
680 1307 982 1396 προεξεληλυθότες
1018 1309 1073 1378 ἐπί
1108 1313 1166 1388 τάς
1185 1335 1210 1373 ιο

146 1420 315 1503 προνομάς
344 1418 467 1502 ταχέως
488 1414 582 1502 ἧκον,
609 1420 697 1502 πλην
724 1418 785 1503 οὐχ
813 1417 879 1500 άμα
906 1417 961 1482 καλ
984 1414 1021 1482 ἐν
1043 1419 1166 1506 κόσμῳ,

146 1525 310 1610 σποράδες
340 1525 378 1590 δέ
406 1526 462 1591 καί
488 1522 559 1590 κατ’
582 1524 717 1609 ὀληιους
743 1525 788 1602 ὡς
816 1524 946 1590 ἕκαστοι
976 1517 1067 1608 είχον
1097 1523 1165 1590 ἐπι-

147 1634 357 1718 φαινόμενοι·
383 1633 419 1697 οί
438 1629 467 1696 τ’
485 1631 521 1698 ἐκ
544 1641 603 1698 τοῦ
626 1632 769 1717 χάρακος
792 1630 863 1697 ἐπεὶ
883 1634 962 1708 τοὺς
983 1631 1165 1717 σφετέρους

146 1741 345 1823 προσιόντας
368 1737 565 1822 ἐθεάσαντο,
594 1740 799 1827 θρασύτεροι
823 1740 998 1823 γεγονότες
1021 1737 1165 1824 ἐξῆλθον

146 1843 276 1931 ἀθρόοι.
303 1847 359 1912 καί
372 1849 499 1931 γίνεται
512 1846 613 1931 μέγας
626 1847 717 1931 ἀγὼν
731 1847 786 1912 καί
801 1849 906 1932 φόνος
920 1844 952 1924 ἐξ
968 1845 1165 1932 ἀμφοτέρων
1183 1821 1209 1952 15⁶
1325 1869 1326 1909 ι

145 1953 264 2038 πολύς,
288 1951 325 2019 ἐν
349 1946 376 2042 ᾦ
399 1958 592 2040 νικήσαντες
616 1956 648 2020 ολ
662 1952 813 2036 Ῥωμαῖοι
836 1954 914 2031 τούς
936 1975 972 2017 τε
995 1953 1165 2038 συστάδην

144 2060 350 2145 μαχομένους
368 2060 547 2148 ἐτρέψαντο
561 2062 709 2137 καὶτοὺς
723 2061 909 2146 φεύγοντας
923 2057 1164 2142 ἐπιδιώκοντες,

145 2166 204 2244 οὓς
230 2169 292 2250 μὲν
319 2168 525 2253 ἀπέκτειναν,
555 2168 614 2244 οὓς
645 2167 674 2231 δ’
698 2165 923 2250 αἰχμαλώτους
947 2161 1078 2249 ἔλαβον,
1103 2175 1163 2231 τοῦ

144 2274 182 2339 δὲ
215 2274 358 2360 χάρακος
389 2275 501 2341 αὐτῶν
531 2277 753 2360 κρατήσαντες
786 2275 934 2358 χρήματα
968 2273 1075 2337 πολλά
1108 2273 1164 2337 καί

144 2383 238 2447 λείαν
261 2383 418 2466 ἀφθονον
439 2381 684 2466 περιεβάλοντο.
719 2378 900 2464 Οὐαλέριος
921 2379 983 2461 μὲν
1001 2379 1043 2464 δὴ
1061 2389 1164 2448 ταῦτα
1183 2404 1208 2443 εο

145 2487 407 2574 διαπραξάμενος
447 2487 552 2565 ἀδεῶς
592 2488 655 2572 ἤδη
696 2487 758 2571 τὴν
794 2495 858 2570 γῆν
893 2496 961 2551 τῶν
997 2489 1164 2570 πολεμίων

144 2595 248 2662 ἐπιὼν
270 2592 381 2686 ἐδηίου.
656 2638 659 2642 ,

209 2701 421 2768 XXXXVIII.
446 2701 586 2787 Μάρκος
604 2699 634 2766 δ’
648 2699 795 2788 Ὁράτιος
813 2699 867 2766 ἐπὶ
886 2701 946 2766 τὸν
963 2703 1045 2767 κατά
1059 2705 1164 2785 Σαβί-

28 2806 31 2818 '
144 2835 214 2876 νων
243 2813 389 2895 πόλεμον
419 2809 532 2895 ἐπειδὴ
562 2811 603 2875 τά
633 2810 716 2875 κατά
749 2810 809 2874 τὸν
838 2808 1048 2893 συνάρχοντα
1077 2805 1162 2892 ἔγνω

145 2919 345 3004 προαγαγὼν
376 2919 431 2984 καί
461 2917 561 2994 αὐτὸς
593 2914 629 2982 ἐκ
657 2925 717 2981 τοῦ
747 2915 890 3002 χάρακος
918 2916 977 2992 τὰς
1006 2914 1163 2996 δυνάμεις
1181 2935 1207 2978 ει

218 3129 588 3200 1τηυάυ....1εοωωοῑι
660 3123 919 3197 4καταλιπομένην
938 3125 986 3178 LV
1056 3131 1162 3194 ῦπαρ-

145 3198 257 3268 έστησευ
276 3201 298 3256 Ο
316 3200 470 3271 παρέταξεν
488 3200 631 3270 Kiessling
702 3197 799 3269 8ἑξης
818 3216 870 3254 om.
890 3197 912 3250 L
931 3197 1032 3251 1111110.
1061 3197 1064 3269 λ
1092 3197 1162 3251 ἀπο-

146 3272 247 3342 σκευὴν
257 3272 279 3327 0
289 3274 466 3345 παρεμβολὴν
475 3273 604 3328 Hertloin
613 3271 729 3325 Hermes
738 3270 764 3322 X
773 3276 824 3324 421
877 3275 909 3323 11
922 3276 971 3324 τοῦ
982 3267 1079 3331 ἀστεος
1091 3264 1162 3336 ἧκον

144 3343 200 3397 VM
219 3360 272 3398 om.
287 3345 308 3398 L
326 3345 357 3398 in
373 3345 426 3400 lac.
440 3342 545 3416 ταχέως
558 3339 628 3412 ἧκον
648 3360 670 3396 ο.
685 3342 801 3406 Βοὶελοε,
820 3340 905 3395 verba
924 3340 959 3395 de
980 3342 1079 3394 ravata
1098 3343 1163 3394 sunt

146 3421 178 3469 12
198 3410 274 3486 εἶχον
294 3433 346 3470 om.
361 3417 382 3469 L
401 3418 432 3471 in
449 3417 502 3472 lac.
559 3421 593 3470 18
610 3414 696 3469 verba
711 3422 761 3468 τοῦ
778 3412 1050 3484 δέ-περιεβαλοντο
1070 3428 1122 3468 om.
1139 3410 1161 3465 0

144 3487 287 3558 praeterh
333 3492 366 3542 25
380 3491 550 3559 προαγαγὼν
559 3486 702 3556 Kiessling
710 3487 776 3554 post
784 3481 904 3553 πόλεμον
913 3502 937 3538 v.
945 3489 979 3537 24
988 3482 1162 3552 transposuit

199 3602 424 3646 mmmm.
439 3602 596 3646 muconr.
966 3596 999 3645 13
