2668 3922
579 226 762 276 -IA—
855 259 861 264 ·
1118 224 1180 289 187

161 348 357 430 ἀφικόμενοι
380 347 411 412 δ’
429 349 476 426 είς
498 349 559 414 τὸν
583 348 792 430 καλούμενον
811 344 1023 414 Ἀουεντῖνον
1046 387 1091 396 -
1114 345 1183 414 ἐστι
1202 351 1222 415 6

161 454 198 520 δέ
220 463 288 520 τῶν
307 453 591 540 ἐμπεριεχομένων
609 453 647 520 έν
669 462 710 540 τῇ
730 452 833 544 Ῥύμη
856 457 972 542 λόφων
993 450 1091 533 οὗτος
1114 454 1184 522 ἐπι-

160 563 369 647 τηδειότατος
405 559 769 648 ἐνστρατοπεδεύεσθαι
800 601 845 610 -
877 564 956 648 περί
990 585 1025 628 τε
1056 564 1094 628 τὸ
1125 572 1185 647 τῆς

156 667 346 753 Ἀρτέμιδος
375 670 466 754 ἱερὸν
492 671 645 734 τίθενται
671 670 712 734 τὰ
740 669 841 754 ὅπλα,
868 678 908 756 τη
932 665 963 734 δ’
982 667 1056 754 έξης
1077 669 1184 757 ἡμέρη

159 776 403 859 κρατυνάμενοι
434 777 495 842 τὸν
526 775 654 860 χάρακα
684 776 741 841 καί
772 775 963 860 χιλιάρχους
1000 775 1079 842 δέκα
1115 787 1184 842 τῶν
1216 798 1228 840 ι

158 894 284 948 κοινῶν
313 881 546 962 ἀποδείξαντες
572 885 725 967 κυρίους,
753 877 802 948 ὧν
823 883 956 967 ἡγεμὼν
977 879 1021 967 ἦν
1044 883 1184 968 Μάρκος

150 987 306 1074 Ὄππιος,
330 987 449 1074 έμενον
472 986 527 1075 ἐφ’
544 990 692 1074 ἡσυχίας.

78 1113 149 1165 κετο
230 1096 426 1162 XXXXIHI.
454 1089 559 1162 Ἧκον
578 1093 609 1161 δ’
628 1097 741 1174 αὐτοῖς
759 1095 932 1182 ἐπίκουροι
949 1093 1018 1179 μετ’
1037 1097 1077 1162 ού
1096 1099 1183 1162 πολὺ

158 1205 214 1270 καί
246 1203 311 1270 ἀπὸ
342 1213 401 1288 της
432 1202 471 1270 ἐν
505 1204 635 1294 Φιδήνη
668 1212 822 1289 στρατιᾶς
854 1204 887 1268 οί
918 1203 1087 1288 κράτιστοι
1116 1215 1184 1295 τῶν

159 1321 261 1397 τριῶν
288 1312 463 1395 ταγμάτων
491 1311 627 1396 λοχαγοί
655 1311 783 1395 πολλὴν
806 1311 952 1393 δύναμιν
974 1309 1184 1396 ἐπαγόμενοι,
1203 1333 1229 1374 ιο

159 1418 341 1502 ἀλλοτρίως
369 1417 431 1501 μέν
461 1415 509 1483 ἔτι
538 1418 640 1484 πάλαι
669 1418 871 1501 διακείμενοι
900 1419 984 1503 πρὸς
1010 1421 1089 1496 τοὺς
1117 1416 1185 1484 ἐκεῖ

159 1525 379 1609 στρατηγούς,
398 1522 431 1602 ἐξ
450 1520 652 1614 οὗιΣίκκιον
669 1527 730 1591 τὸν
747 1527 956 1612 πρεσβευτὴν
977 1523 1184 1610 ἀπέκτειναν,

160 1631 270 1717 ὥσπερ
301 1628 398 1716 ἔφην,
428 1633 574 1711 δεδιότες
604 1628 635 1697 δ’
662 1631 758 1719 ἀρξαι
784 1643 842 1718 τῆς
870 1631 1081 1710 ἀποστάσεως
1103 1634 1184 1718 πρύ-

158 1761 265 1822 τεροι,
283 1739 328 1817 ὡς
347 1740 480 1806 οἰκείων
498 1740 607 1806 ὄντων
625 1749 665 1826 τη
685 1740 887 1827 δεκαδαρχίαν
905 1750 973 1805 τῶν
991 1737 1029 1806 ἐν
1043 1736 1183 1827 Ἀλγιδῶ

159 1845 258 1912 πέντε
275 1846 460 1931 ταγμάτων,
478 1848 552 1912 τότε
571 1843 617 1930 δ’,
635 1845 749 1932 ἐπειδὴ
767 1848 830 1931 τὴν
848 1845 986 1913 ἐκείνων
1000 1846 1184 1913 ἀπόστασιν
1203 1867 1228 1908 ιε

159 1951 362 2038 ἐπέγνωσαν,
385 1953 560 2040 ἀγαπητῶς
582 1955 620 2021 τὸ
643 1955 778 2038 συμβάν
800 1954 865 2020 ἀπὸ
888 1965 946 2038 τῆς
968 1954 1069 2038 τύχης
1092 1951 1184 2031 δεξά-

158 2083 261 2143 μενοι.
305 2061 465 2145 ἡγεμόνες
494 2062 532 2127 δέ
561 2062 617 2127 καί
646 2062 775 2126 τούτων
804 2072 872 2126 τῶν
898 2059 1074 2143 ταγμάτων
1098 2056 1224 2142 ἦσαν2

159 2167 238 2234 δέκα
268 2169 432 2253 χιλίαρχοι
461 2168 542 2234 καθ’
569 2167 651 2233 ὁδὸν
684 2166 955 2250 ἀποδειχθέντες,
986 2160 1034 2230 ὧν
1066 2163 1185 2250 ἐπιφα-

157 2273 315 2350 νέστατος
335 2272 457 2352 Σέξτος
475 2275 608 2350 Μάλιος
630 2270 681 2356 ἦν.
727 2271 799 2338 ἐπεὶ
822 2273 860 2338 δέ
883 2270 1063 2355 συνέμιξαν
1086 2270 1185 2356 ἀλλη-

159 2387 245 2465 λοις,
267 2380 406 2464 θέμενοι
426 2382 467 2445 τά
485 2381 571 2446 ὅπλα
588 2389 658 2457 τοῖς
677 2379 782 2446 είκοσι
799 2379 982 2465 χιλιάρχοις
1000 2378 1184 2465 ἐπέτρεψαν
1202 2400 1229 2441 ιο

158 2489 289 2554 ἅπαντα
318 2487 404 2572 ὑπὲρ
433 2496 493 2553 τοῦ
523 2496 639 2553 κοινοῦ
668 2487 778 2572 λέγειν
800 2511 835 2553 τε
858 2487 914 2554 καί
936 2487 1101 2573 πράττειν.
1147 2485 1184 2554 ἐκ

158 2596 197 2662 δὲ
219 2606 287 2662 τῶν
305 2595 411 2664 εἴκοσι
428 2597 507 2674 τοὺς
525 2587 808 2680 ἐπιφανεστάτους
827 2593 1003 2674 ἀπέδειξαν
1022 2595 1084 2661 δύο
1103 2616 1184 2680 προ-

158 2704 319 2788 βούλους,
344 2703 489 2787 Μάρκον
509 2701 653 2768 Ὄππιον
679 2703 736 2768 καὶ
758 2700 885 2780 Σέξτον
908 2681 1073 2768 Μάλιον·χ
1090 2696 1184 2768 οὗτοι

158 2813 400 2896 βουλευτήριον
418 2808 452 2888 ἐξ
471 2810 628 2877 ἁπάντων
643 2809 926 2894 καταστησάμενοι
939 2821 1007 2876 τῶν
1021 2815 1183 2894 λοχαγῶν,

78 2931 148 2982 2271
159 2917 227 3000 μετ’
249 2917 387 2985 ἐκείνων
410 2918 539 2983 ἅπαντα
557 2917 729 2984 διετέλουν
746 2919 1062 3002 πραγματευόμενοι.
1104 2915 1183 2998 ἀδη-
1201 2886 1227 3015 3⁹³5

160 3030 222 3090 λου
254 3023 284 3089 δ’
308 3022 365 3114 ιἐτι
396 3034 466 3102 τοίς
497 3029 633 3102 πολλοῖς
664 3035 722 3110 της
754 3025 904 3101 διανοίας
937 3024 1048 3089 αὐτῶν
1080 3022 1182 3106 ούσης

151 3128 291 3210 ’Ἀππιος
313 3131 386 3216 μέν,
409 3123 463 3198 ola
486 3133 528 3217 δὴ
552 3133 791 3216 συγγινώσκων
812 3131 918 3217 ἑαυτῷ
937 3141 995 3215 τῆς
1013 3130 1183 3215 παρούσης

233 3349 247 3396 1
272 3345 432 3398 λουεντῑνον
455 3344 478 3399 0
551 3351 568 3398 4
593 3349 627 3416 τῇ
652 3341 680 3398 δ’
704 3343 766 3414 ἑξῆς
791 3343 814 3398 Ο
842 3347 876 3415 τῇ
898 3340 931 3396 θ’
953 3341 1015 3411 ἑξῆς
1040 3341 1184 3411 Kiessling

161 3420 176 3467 ‘1
195 3413 301 3477 ἀππιος
319 3414 341 3468 Ο
361 3415 463 3478 ὄπιιιος
482 3414 605 3486 Sylburg
661 3421 695 3469 13
714 3413 850 3483 πρότερον
870 3414 892 3469 0
911 3411 1042 3482 πρότερον
1061 3411 1183 3481 Sylburg

112 3519 116 3528 ·
160 3492 193 3540 22
212 3483 368 3556 προβόλους
386 3486 434 3540 LV
507 3492 541 3541 23
561 3485 666 3549 άππιος
684 3503 753 3542 corr.
774 3485 896 3555 Sylburg
