2656 3932
566 224 747 274 -ιι-
814 183 817 190 ’
1101 221 1165 286 113

148 351 283 434 σοφίαν,
319 349 356 413 τὸ
393 347 454 432 μὲν
490 347 633 433 ἥδεσθαι
668 355 709 433 τῇ
746 351 901 414 παντελεῖ
935 347 1064 433 θεωρία
1098 356 1166 410 τῶν

147 455 497 541 παρακολουθούντων
528 463 598 532 τοῖς
627 454 796 539 πράγμασι
826 455 942 525 κοινὸν
972 453 1082 539 ὥσπερ
1112 452 1167 518 καί

146 572 217 640 τοῖς
244 563 357 640 άλλοις
379 559 573 648 ἀνθρώποις
594 559 747 647 ὑπάρχει·
775 561 876 649 χωρίς
898 561 936 626 δὲ
961 571 1020 645 τῆς
1044 559 1167 645 ἡδονῆς

147 671 372 756 περιγηνεται
400 670 437 734 τὸ
461 668 537 754 περί
559 670 639 746 τοὺς
661 664 863 753 ἀναγκαίους
884 669 1021 755 καιροὺς
1043 665 1168 750 μεγάλα

146 778 205 854 τάς
235 777 348 854 πόλεις
379 774 416 842 ἐκ
447 781 506 860 τῆς
536 775 690 860 τοιαύτης
722 773 891 862 ἐμπειρίας
923 775 1076 861 ὠφελεῖν,
1112 773 1168 838 καί
1199 796 1212 837 ι

65 899 138 950 2159
148 884 242 968 άγειν
261 883 363 960 αὐτάς
381 881 520 958 ἑκούσας
538 879 593 947 ἐπί
612 883 652 950 τά
670 881 885 968 συμφέροντα
903 883 959 948 διδ
976 889 1037 947 τοῦ
1056 882 1166 965 λόγου.

148 991 252 1078 ῥᾷστα
283 991 347 1077 γάρ
380 991 413 1055 ολ
440 989 616 1073 άνθρωποι
644 989 684 1058 τά
710 1012 746 1054 τε
768 989 964 1078 ὠφελοῦντα
986 989 1042 1055 καί
1064 987 1207 1071 βλάπ-ί)

147 1119 248 1163 τουτα
264 1096 593 1182 καταμανθάνουσιν,
612 1096 692 1162 όταν
706 1094 760 1162 ἐπί
778 1095 1053 1183 παραδειγμάτων
1065 1103 1169 1160 ταῦτα

148 1209 282 1271 πολλῶν
323 1203 440 1290 ὁρῶσι,
480 1203 536 1270 καί
576 1212 646 1281 τοῖς
686 1201 741 1272 ίπί
781 1211 884 1270 ταῦτα
919 1207 1169 1288 παρακαλοῦσιν

149 1311 271 1388 αὐτοὺς
294 1313 461 1397 φρόνησιν
483 1319 690 1396 μαρτυροῦσι
712 1311 768 1376 καί
789 1311 918 1396 πολλὴν
940 1311 1073 1396 σοφίαν.
1113 1309 1169 1374 διὰ
1187 1331 1213 1372 ιο

148 1419 270 1496 ταύτας
306 1419 347 1502 δή
384 1441 441 1500 μοι
476 1418 535 1494 τάς
571 1418 677 1495 αίτίας
713 1414 827 1496 ἔδοξεν
859 1417 988 1484 ἅπαντα
1025 1413 1169 1502 ἀκριβῶς

149 1525 300 1592 διελθεῖν
322 1526 362 1590 τά
385 1526 547 1610 γενόμενα
570 1524 647 1610 περί
669 1525 731 1609 την
753 1523 935 1592 κατάλυσιν
957 1533 1015 1608 τῆς
1037 1523 1170 1608 ὀλιγαρ-

148 1633 237 1716 χίας,
260 1631 322 1696 ὅσα
345 1631 386 1716 δη
410 1631 465 1696 καί
488 1632 591 1714 λόγου
614 1640 728 1716 τυχεῖν
751 1628 825 1709 άξια
846 1631 999 1716 ἡγοῦμαι.
1034 1631 1208 1715 ποιησοδ

149 1760 207 1820 μαι
231 1737 268 1806 δὲ
290 1739 350 1804 τὸν
367 1738 444 1823 περί
467 1737 579 1804 αὐτῶν
597 1740 699 1823 λόγον
717 1739 780 1806 οὐκ
803 1735 868 1804 άπὸ
886 1748 954 1803 τῶν
971 1738 1170 1804 τελευταίων

151 1841 345 1930 ἀρξάμενος,
372 1844 393 1910 ά
421 1845 513 1910 δοκεῖ
535 1855 605 1923 τοῖς
633 1850 770 1923 πολλοῖς
793 1845 880 1912 αίτια
902 1843 1062 1930 γενέσθαι
1084 1846 1170 1928 μόνα
1188 1865 1213 1906 ιε

148 1955 207 2036 τῆς
243 1949 451 2036 ἐλευθερίας,
489 1950 573 2036 λόγω
610 1952 649 2018 δὲ
684 1961 752 2018 τῶν
787 1952 864 2038 περὶ
899 1953 961 2036 την
996 1950 1171 2038 παρθένον

149 2056 409 2144 ἁμαρτηθέντων
431 2054 558 2146 Ἀππίῳ
586 2059 643 2124 διά
669 2060 729 2125 τὸν
755 2056 875 2145 ἔρωτα·
902 2061 1078 2144 προσθήκη
1106 2059 1170 2144 γάρ

43 2155 46 2160 ’
149 2163 232 2248 αὕτη
259 2165 375 2248 γεκαὶ
402 2166 573 2230 τελευταία
599 2171 658 2252 τῆς
686 2165 789 2250 ὀργῆς
816 2175 883 2231 τῶν
906 2165 1059 2249 δημοτῶν
1082 2165 1171 2229 αίτία

149 2272 279 2356 μυρίων
315 2272 426 2337 άλλων
457 2271 752 2358 προηγησαμέυωυ,
785 2268 857 2337 ἀλλ’
885 2268 944 2356 ἀφ’
970 2265 1019 2336 ὧν
1049 2268 1170 2358 ἤρξατο

79 2394 80 2398 ’
149 2387 282 2464 πρῶτον
317 2378 338 2462 ἡ
375 2380 471 2456 πόλις
511 2378 577 2444 ὑπὸ
613 2385 672 2464 τῆς
713 2379 930 2464 δεκαδαρχίας
965 2377 1170 2464 ὑβρίζεσθαι.
1188 2399 1215 2440 so

148 2493 252 2550 ταῦτα
281 2495 415 2569 πρῶτον
444 2483 508 2570 ἐρῶ
536 2486 591 2551 καί
619 2483 755 2568 διέξειμι
780 2484 886 2564 πάσας
908 2482 1027 2570 ἐφεξῆς
1053 2487 1111 2562 τὰς
1133 2483 1171 2552 ἐν

148 2599 189 2677 τῇ
212 2593 286 2656 τότε
308 2590 503 2656 καταστάσει
525 2594 724 2678 γενηθείσας
747 2592 974 2679 παρανομίας.’

68 2715 140 2764 2160
220 2696 261 2762 Π.
285 2697 408 2784 Πρώτη
436 2697 497 2780 μὲν
525 2691 588 2764 οὖν
609 2696 654 2783 ἧν
676 2701 749 2785 <η>
774 2697 897 2778 δόξασα
923 2699 1084 2784 γενέσθαι
1110 2708 1170 2765 τοῦ

149 2786 231 2870 κατὰ
253 2810 312 2888 τῆς
335 2804 489 2890 όλνγαρχί
487 2829 526 2882 ας
548 2807 667 2888 μίσους
690 2808 872 2893 πρόφασις,
896 2805 947 2872 ότι
970 2806 1171 2891 συνόφηναν

221 2919 428 2998 λαεριγίνεται
441 2925 468 2980 V
497 2927 500 2998 Ι
530 2927 606 3053 moll
630 2927 709 2996 παρὰ
733 2945 756 2983 ο.
776 2927 848 2982 falso
867 2927 1010 3019 Kiessling
1033 2927 1067 2982 cf.
1087 2926 1169 2981 Isocr.

150 2996 189 3050 IV
204 3001 238 3050 ‘13
256 2998 321 3066 περί
338 2998 404 3060 τοὺς
421 2998 538 3066 καιροὺς
556 3018 587 3053 το

150 3066 364 3158 παραδείγματα
379 3077 496 3124 τοιαῦτα
510 3070 540 3123 Μ
559 3071 599 3138 (in
612 3087 677 3140 mge
691 3069 780 3125 ταυτδι
793 3071 912 3140 ροῖιοε);
932 3068 1011 3124 όταν
1017 3077 1106 3126 ταῦτα
1125 3069 1171 3124 ἐπὶ

150 3137 356 3210 παραδείγματι
379 3141 433 3210 (vel
451 3139 668 3212 παραδείγμασι)
691 3144 800 3198 πολλῶν
820 3141 906 3212 δρῶσι
929 3158 951 3196 c.
973 3141 1074 3196 Portus
1103 3139 1171 3196 ὅταν

152 3208 198 3262 ἐπὶ
212 3209 419 3281 παραδείγμασι
431 3221 520 3268 ταῦτα
533 3215 646 3275 πολλοῖς
664 3229 687 3268 ο.
703 3211 885 3268 Gasaubonus
947 3217 980 3266 16
994 3209 1040 3284 λίγ
1042 3233 1063 3268 ω
1078 3211 1109 3268 δὲ
1123 3211 1172 3266 LV

151 3277 220 3350 λέγω
240 3280 274 3349 δὴ
294 3282 323 3336 Μ
347 3283 381 3337 of.
400 3283 510 3354 Krflger
528 3283 566 3338 ad
584 3284 666 3338 Dion.
683 3283 756 3340 Hist
775 3301 802 3353 p.
818 3289 853 3338 89
926 3288 960 3338 20
979 3285 1048 3338 δεκα
1050 3281 1115 3354 ραγί
1116 3283 1171 3346 ςΟ

152 3349 341 3423 δεκαδαρχίας
354 3353 475 3410 Kiesslin
551 3361 585 3410 22
603 3353 790 3426 γεννηθείσας
803 3355 852 3410 LV
902 3360 936 3409 λθ
951 3351 1002 3410 οὖν
1016 3305 1065 3426 ἧσο
1066 3352 1172 3422 δόξασα

151 3421 304 3490 Heylbutio
331 3427 444 3480 auctore
435 3354 497 3480 ὡδί
519 3423 570 3482 οίν
593 3377 643 3494 δόξ
629 3428 701 3494 ξασα
723 3427 749 3480 R
777 3421 868 3496 οόνῆ
851 3421 922 3497 ἤην
904 3423 991 3497 ηξθό
976 3427 1047 3494 ξασα
1069 3425 1172 3480 Reisko

151 3493 229 3560 ἔδοξε
249 3511 271 3549 ο.
287 3494 442 3550 Ambroseh
504 3504 538 3552 24
557 3499 735 3571 συνύφηναν]
757 3497 941 3571 συνηίφηναν
960 3499 1001 3552 sie
1014 3497 1075 3552 ut
1060 3519 1077 3552 υ
1092 3497 1172 3567 <alte-

209 3604 313 3646 mom.
323 3605 386 3647 mn.
395 3605 435 3648 Ν
449 3611 490 3646 nn.
500 3603 607 3648 ῖεοοεε.
996 3609 1012 3658 8

606 3018 672 3062 τους
729 3003 745 3052 8
764 2998 998 3090 παραδειγμάτων
1016 2997 1105 3053 ταῦτά
1122 2997 1171 3052 LV
