2654 3916
553 245 586 254 -
624 217 670 269 16
707 245 740 254 -
1091 216 1157 282 305

135 341 240 430 ἀρχὰς
262 343 318 408 καί
340 341 513 429 πρεσβεύω
536 343 594 418 τάς
616 339 878 426 ἐπιφανεστάτας
900 343 1075 425 πρεσβείας
1103 341 1159 406 καί

135 452 324 533 σεβασμούς
349 450 448 534 ίερῦιν
466 448 662 532 πιστεύομαι
683 450 762 526 τοὺς
780 447 983 532 ἀγιωτάτους
999 448 1055 512 καί
1072 449 1159 532 γνώ-

134 581 203 642 μην
235 553 411 642 ἀγορεύειν
443 551 638 638 ἀξιούμενος
673 555 750 640 περί
785 565 853 620 τῶν
890 551 1159 638 ἀναγκαιοτάτων

134 668 300 746 καλοῦμαι
327 661 365 729 ἐν
388 653 416 752 ᾦ
443 665 602 748 προσήκει
624 685 664 745 με
686 664 792 750 τόπῳ,
815 661 1016 744 όπαινοῦμαί
1041 684 1076 726 τε
1102 661 1159 726 καί

136 773 296 856 ζηλοῦμαι
323 770 379 836 καί
407 770 546 847 οὐδενὸς
573 769 729 855 δεύτερός
756 770 823 852 είμι
849 780 917 834 τῶν
939 767 1077 852 μέγιστα
1100 769 1158 834 ‹iv-
1190 790 1202 831 ι

135 877 292 960 ναμόνων
309 877 365 942 καί
382 876 591 963 παράδειγμα
613 885 683 953 τοῖς
706 877 819 954 ἀλλοις
841 869 928 942 εἶναι
951 876 1038 942 δοκῶ
1061 880 1159 941 καλο-

136 987 316 1069 καγαθίας,
344 983 446 1049 οὐδὲν
470 982 506 1049 ἐκ
533 994 591 1069 τῆς
616 981 695 1067 ἐμῆς
718 983 835 1059 ούσίας
858 983 906 1059 εἰς
928 992 1032 1048 ταῦτα
1055 983 1159 1047 δαπα-

135 1103 217 1176 νῶν,
249 1091 360 1176 ὥσπερ
393 1089 474 1156 οὐδὲ
504 1100 572 1156 τῶν
604 1091 715 1156 ἀλλων
747 1090 867 1167 οὐδείς.
918 1087 992 1176 (14)
1023 1089 1063 1156 οὐ
1094 1091 1199 1174 γάρ4

136 1198 267 1284 ἐνοχλεῖ
288 1207 358 1274 τοίς
380 1195 520 1262 ἑκάστου
543 1199 631 1280 βίοις
654 1198 675 1282 ἡ
699 1199 795 1274 πόλις
816 1197 836 1281 ἡ
857 1194 1024 1278 Ῥωμαίων
1047 1196 1158 1283 ὥσπερ

136 1306 224 1383 τινὲς
248 1304 366 1390 ἕτεραι,
389 1301 427 1372 ἐν
445 1294 498 1381 αίς
518 1302 536 1368 ὁ
555 1305 668 1381 κοινὸς
685 1305 746 1387 μὲν
764 1309 908 1380 πλοῦτος
926 1303 1038 1386 ὀλίγος
1056 1301 1159 1388 ἐστίν,
1177 1327 1203 1366 ιο

137 1413 155 1478 ὁ
179 1412 217 1478 δὲ
239 1421 307 1478 τῶν
327 1411 469 1476 ἰδιωτῶν
487 1411 607 1494 πολύς,
631 1409 702 1476 ἀλλ’
720 1411 802 1496 αὐτη
825 1409 961 1496 παρέχει
983 1418 1053 1486 τοίς
1075 1411 1159 1495 πρὸς

55 1538 125 1588 2352
135 1522 177 1586 τὰ
198 1519 295 1585 κοινά
318 1525 518 1602 προσιοῦσιν
545 1517 688 1601 ἅπαντα,
717 1518 806 1584 ὅσων
833 1516 980 1600 δέονται,
1009 1519 1159 1601 λαμπράς

135 1627 191 1692 καί
220 1630 480 1710 μεγαλοπρεπεῖς
510 1623 710 1690 ύποτιῦεῑσα
739 1626 907 1710 χορηγίας·
941 1623 1025 1688 ὥστε
1053 1624 1159 1710 μηδὲν

137 1733 331 1818 ἀτιμότερον
363 1725 450 1797 εἶναι
485 1732 545 1797 τὸν
577 1731 779 1798 πενέστατον
809 1741 870 1798 τοῦ
907 1731 1157 1797 πλουσιωτάτου

136 1842 218 1906 κατὰ
247 1841 309 1925 τὴν
338 1836 517 1916 ἀπαξίωσιν
545 1849 614 1904 τῶν
643 1844 764 1924 καλῶν,
797 1835 882 1904 ἀλλά
911 1839 1037 1916 πάντας
1071 1833 1157 1904 εἶναι
1176 1859 1202 1900 ιι

133 1945 320 2030 Ῥωμαίους,
344 1945 418 2012 ὅσοι
436 1944 479 2011 ἀν
497 1941 559 2012 ὦσι
577 1947 633 2012 διὰ
650 1947 902 2029 καλοκαγαθίαν
919 1945 1048 2009 τούτων
1071 1944 1158 2023 ἀξιοι

136 2064 203 2120 τῶν
226 2064 340 2138 τιμῶν,
368 2049 524 2137 ἀλληλοις
552 2052 654 2128 ἴσους.
700 2051 799 2116 ὁπότε
826 2051 864 2116 δὲ
891 2052 1073 2132 πενόμενος
1099 2051 1196 2117 ori-5

136 2161 196 2226 όὲν
222 2161 312 2244 παρὰ
337 2155 428 2225 τοῦτ’
451 2156 588 2224 ἔλαττον
617 2155 680 2243 ἔχω
708 2168 775 2223 τῶν
802 2159 909 2222 πολλὰ
938 2156 1157 2242 κεκτημένων,

136 2269 171 2332 τί
200 2265 321 2330 παθὼν
353 2264 396 2329 ἀν
422 2265 633 2349 κατηγόρησα
664 2275 722 2348 τῆς
752 2264 867 2349 τύχης,
899 2263 951 2330 ότι
983 2263 1044 2348 οὐχ
1076 2263 1157 2347 ὑμῖν

137 2369 276 2454 <ὅμοιον
294 2369 372 2452 ἐμὲ)
391 2368 526 2455 ἐποίησε
547 2380 617 2448 τοῖς
639 2374 845 2455 βασιλεῦσιν,
866 2362 916 2448 οἷς
934 2369 953 2436 ὁ
971 2373 1076 2449 πολὺς
1093 2379 1158 2458 θη·
1176 2393 1202 2433 ιο

137 2479 324 2564 σαυρίζεται
346 2479 482 2563 χρυσός;
510 2477 594 2543 ἀλλά
616 2479 682 2562 μὴν
706 2474 743 2544 ἓν
765 2501 804 2562 γε
826 2487 896 2554 τοίς
920 2477 1017 2557 ίάίοις
1040 2488 1158 2546 τοσοῦ-

136 2610 196 2652 τον
223 2583 333 2670 ἀπέχω
360 2584 631 2669 κακοδαιμονίας,
659 2581 735 2650 ὥστ’
758 2583 796 2650 ἐν
823 2584 949 2669 όλύγοις
976 2585 1065 2652 πάνυ
1090 2597 1158 2653 τῶν

210 2757 452 2832 ἳσεβασμίοοςΟ
476 2777 545 2815 uorr.
565 2759 688 2831 Sylburg
759 2760 828 2816 λέν
850 2753 871 2835 ᾧ
890 2761 1025 2834 προσήκει
1042 2763 1156 2834 μετώπῳ

137 2834 168 2887 in
190 2833 258 2888 edit.
280 2833 388 2899 Ursini,
411 2851 444 2901 με
467 2829 543 2887 τόπω
567 2849 590 2887 ο.
610 2832 744 2903 Sylhnrg,
765 2832 838 2886 nihil
857 2833 892 2888 ds
910 2833 984 2888 Boor
1002 2833 1157 2900 adnotavit,

137 2901 278 3045 siin
298 2975 550 3046 dig
573 2904 930 3030 λαικάσει·
971 2904 1159 3030 αλια

138 3045 261 3117 ἐνοχλεῖν
279 3046 306 3100 R
369 3052 401 3100 11
421 3045 436 3101 ὁ
456 3045 499 3172 σεχ
520 3019 585 3102 ούάλ
604 3045 630 3100 Χ
694 3053 727 3103 12
747 3044 866 3102 δίωνται
883 2995 909 3099 rX
927 3044 1000 3102 όσων
1019 2995 1158 3102 ἀγκύλων-

137 3137 184 3172 ται
206 3117 349 3188 Kiessling
421 3122 455 3172 15
498 3116 635 3184 παξίωσιν
653 3118 703 3173 UV
721 3115 872 3184 ἐπαξίωσνν
890 3117 942 3172 ΜΡ
1020 3123 1052 3172 17
1077 3118 1159 3187 ἀλλή-

138 3191 202 3252 λους
216 3187 239 3242 Ο
254 3205 323 3243 corr.
338 3189 456 3244 Ursinus
509 3195 542 3244 19
561 3187 742 3260 κατηγόρηκα
756 3189 779 3244 Ο
798 3186 977 3259 κατηγόρησα
989 3189 1132 3258 Kiessling
1153 3188 1157 3261 ί

138 3261 207 3330 ὀύχ
225 3261 292 3329 ύμῖν
311 3259 423 3330 ἐποίησε
443 3259 465 3315 Ο
489 3262 552 3332 οῦχλ
571 3261 649 3324 ίσους
667 3264 734 3331 ύμῖν
752 3258 864 3330 ἐποίησε
883 3260 1001 3315 Ursinus
1024 3261 1075 3316 οῦκ
1096 3259 1158 3314 ἴσον

138 3333 204 3401 ῦμιν
223 3327 335 3399 ἐποίησε
353 3331 398 3386 vel
416 3333 467 3402 οῦχ
485 3333 552 3402 ῦμῑν
571 3331 682 3400 ἐξίσωσε
706 3331 828 3402 Sylburg
853 3332 929 3401 quod
951 3332 1094 3401 Kiessling
1116 3347 1159 3385 re·

140 3403 227 3472 ospit3
246 3403 311 3472 post
329 3401 391 3456 ίσον
406 3403 488 3458 addit
506 3403 552 3474 ἐμὲ
566 3405 670 3460 Βυὶελιο
689 3405 740 3474 ούχ
756 3401 855 3473 ὅμοιον
869 3401 981 3472 ἐποίησε
996 3403 1159 3458 dubitanter

140 3475 174 3536 ds
192 3473 267 3528 Boor
285 3473 336 3542 οῦχ
354 3475 420 3543 intr
440 3472 538 3545 ὅμοιον
557 3475 603 3547 ἐμὲ
623 3472 735 3546 ἐποίησε
754 3490 806 3545 ego

186 3592 577 3637 Dronrs.Hnn.1V.n.Jncorr.
964 3587 998 3635 20
