2656 3932
557 251 590 260 ·-
629 223 669 274 ΙΑ
706 249 739 258 -
1095 220 1158 284 145

138 350 248 433 μένων
275 349 378 431 ὑμῶν.
424 355 522 413 τοῦτο
551 347 591 432 δη
619 348 657 412 τὸ
685 347 892 432 παράδειγμα
914 345 1199 428 μιμησαμένουςὸ
1317 339 1318 370 ³

138 458 222 540 ἡμᾶς
246 455 357 539 οἴομαι
379 456 462 537 δεῖν,
485 452 599 538 ἐπειδὴ
623 453 724 520 οὐδὲν
743 455 823 519 ἀλλο
846 461 956 518 ποιεῖν
975 452 1160 537 δυνάμεθα,

139 562 316 648 δικτάτορα
344 561 495 644 έλέσθαι,
523 561 604 646 πρὶν
631 559 793 627 ἐντεῦθεν
820 559 980 638 ἐξελθεῖν·
1010 557 1069 624 έάν
1095 561 1159 645 γάρ

138 669 405 755 ὑπερβαλώμεθα
431 677 552 734 τούτου
579 669 639 733 τὸν
665 669 793 754 καιρόν,
821 665 931 732 οὐκέτι
959 664 1161 744 συνάξουσιν

138 779 222 862 ἡμᾶς
255 777 288 841 οί
320 775 399 841 δέκα
426 773 714 858 βουλευσομένους
740 773 825 860 ὑπὲρ
853 773 1005 852 οὐδενός·
1038 769 1093 839 ἵνα
1123 774 1162 838 δέ
1193 799 1205 840 ι

138 885 194 950 καὶ
221 885 303 949 κατὰ
326 884 450 965 νόμους
472 882 492 965 ἡ
516 891 576 948 τοῦ
600 881 792 967 δικτάτορος
814 880 995 967 ἀνάρρησις
1016 880 1161 965 γένηται,

139 994 200 1076 την
228 991 481 1074 μεσοβασίλειον
509 988 614 1074 ἀρχὴν
637 987 788 1072 ἑλέσθαι,
812 989 872 1053 τὸν
895 986 1161 1072 ἐπιτηδειότατον

140 1097 333 1176 ἐκλέξαντας
355 1107 422 1161 τών
441 1099 598 1161 πολιτῶν·
623 1094 640 1160 δ
664 1105 774 1161 ποιεῖν
792 1093 939 1178 σύνηθές
962 1093 1053 1160 ἐστιν
1071 1094 1162 1178 ύμῖν,

140 1205 221 1270 ὅταν
251 1208 332 1289 μήτε
364 1206 510 1286 βασιλεῖς
542 1199 635 1287 ἔχητε
665 1204 745 1287 μήτε
777 1201 924 1278 ὑπάτους
955 1198 1028 1284 μήτ’
1058 1203 1162 1286 ἀλλην

56 1331 130 1381 2206
140 1314 283 1394 νόμιμον
310 1309 416 1396 ἀρχὴν
443 1311 616 1394 μηδεμίαν,
644 1309 755 1394 ὥσπερ
778 1318 843 1375 νῦν
866 1309 928 1374 ούκ
951 1305 1047 1394 έχετε.
1093 1318 1163 1385 τοῖς
1181 1334 1207 1374 ιο

140 1419 204 1502 γὰρ
228 1415 370 1502 ἀνδράσι
392 1416 523 1493 τούτοις
545 1419 779 1500 παρελήλυθεν
798 1415 816 1481 ὁ
835 1425 892 1499 τῆς
913 1415 1014 1501 ἀρχῆς
1031 1417 1162 1501 χρόνος,

139 1525 195 1590 καὶ
218 1525 275 1601 τάς
299 1523 445 1609 ῥάβδους
467 1522 615 1588 αύτώνδ
639 1524 740 1605 νόμος
759 1519 933 1613 ἀφῄρηται.
963 1522 1055 1588 ταῦτ’
1072 1519 1163 1588 έστιν
1182 1527 1202 1592 6

140 1631 162 1696 ἀ
180 1641 331 1716 παραινῶ
353 1629 519 1715 πράττειν,
542 1625 568 1695 δι
587 1628 739 1715 πατέρες,
762 1629 853 1714 ύμῖν,
875 1630 931 1696 καὶ
950 1629 1163 1715 συμφέροντα

140 1737 197 1803 καὶ
233 1736 368 1802 δυνατά.
426 1737 470 1820 ἣν
506 1737 544 1802 δέ
580 1739 768 1823 Κορνήλιος
805 1739 983 1822 εἰσηγεῖται
1016 1738 1163 1822 γνώμην,

140 1844 319 1920 κατάλυσις
337 1843 585 1929 ὁμολογουμένη
605 1854 662 1928 τῆς
680 1844 930 1930 ἀριστοκρατίας
948 1844 1045 1927 ὑμῶν
1062 1844 1162 1912 ἐστιν.
1183 1866 1208 1907 ιε

141 1945 201 2016 ἐὰν
223 1952 287 2035 γάρ
311 1947 395 2028 άπαξ
419 1949 532 2016 ὅπλων
551 1953 584 2016 οἱ
607 1951 686 2017 δέκα
708 1951 871 2036 γένωνται
893 1951 1003 2036 κύριοι
1026 1953 1105 2038 τῇδε
1121 1964 1162 2039 τῇ

140 2057 307 2142 προφάσει
336 2066 396 2123 τοῦ
424 2057 585 2142 πολέμου,
614 2058 748 2124 δέδοικα
770 2059 814 2143 μὴ
837 2054 915 2124 καθ’
933 2059 1027 2141 ἡμῶν
1050 2058 1164 2136 αὐτοῖς

140 2168 336 2249 χρήσωνται.
374 2165 407 2228 ολ
428 2166 493 2251 γάρ
516 2165 578 2230 ούκ
601 2165 771 2243 ἀξιοῦντες
793 2164 984 2231 ἀποθέσθαι
1006 2167 1065 2242 τάς
1083 2166 1163 2251 ῥάβ-

142 2272 238 2354 δους,
266 2268 287 2354 ἦ
318 2291 384 2336 που
414 2293 451 2353 γε
485 2272 525 2336 τά
557 2272 644 2338 ὅπλα
679 2271 920 2356 ἀποθησονται;
958 2273 1163 2354 λογιζόμενοι

142 2378 183 2461 δὴ
220 2386 324 2442 ταῦτα
361 2376 571 2461 φυλάττεσθε
602 2381 681 2456 τοὺς
712 2378 928 2465 ἀνθρώπους,
964 2378 1020 2443 καί
1052 2387 1162 2444 πᾶσαν
1182 2401 1208 2442 ιο

142 2484 271 2567 ἀπάτην
303 2483 415 2548 αὐτῶν
444 2485 654 2570 προβλέπετε.
699 2488 857 2572 κρείττων
884 2487 948 2571 γάρ
977 2486 1163 2571 ηπρύνοια

141 2599 199 2674 τῆς
234 2591 445 2672 μεταμελείας
473 2592 529 2657 καλ
560 2594 598 2657 τὸ
630 2595 674 2678 μὴ
707 2594 875 2659 πιστεύειν
906 2603 976 2670 τοῖς
1003 2603 1163 2678 πονηροῖς

143 2695 418 2782 σωφρονέστερον
440 2706 500 2762 τοῦ
523 2701 829 2784 προπιστεύσαντας
850 2709 1055 2786 κατηγορεῖν.

213 2801 299 2868 XXI.
338 2804 469 2888 Ταύτην
496 2804 755 2890 ἀποδειξαμένου
782 2807 844 2891 τὴν
871 2807 1007 2890 γνώμην
1037 2807 1162 2870 Οὐαλε-

20 2909 23 2916 ’
145 2911 219 2992 ρίου
241 2910 481 2996 κεχαρισμένην
499 2923 568 2990 τοῖς
591 2915 752 2998 πλείοσιν,
775 2915 820 2991 ώς
842 2911 878 2980 ἐκ
896 2923 953 2997 τῆς
971 2921 1086 2996 φωνῆς
1104 2913 1162 2976 αύ-
1180 2934 1206 2974 ιι

143 3025 210 3080 τών
238 3017 365 3082 εἰκάσαι
393 3019 509 3106 ῥηίδιον
535 3017 589 3105 ην,
615 3021 671 3086 καί
698 3031 765 3086 τῶν
790 3017 858 3104 μετ’
877 3019 1005 3086 ἐκεῖνον
1029 3019 1162 3085 ἀνιστα-

215 3157 322 3225 2ύμᾶς
341 3157 363 3212 Ο
382 3161 454 3230 ἡμᾶς
474 3161 595 3231 Sylburg
659 3161 901 3232 4ύποβαλώμεθα
920 3159 968 3213 LV
1029 3159 1161 3214 6δικτά-

143 3245 230 3293 meos
250 3226 272 3280 Ο
329 3235 360 3312 ,7
381 3230 602 3300 ἐπιτηδειότερον
622 3232 644 3288 O
664 3249 732 3288 corr.
750 3232 854 3287 Reiske
926 3237 942 3286 8
961 3228 1119 3296 ἐκλέξαντες
1138 3231 1160 3284 Ο

144 3313 212 3350 corr.
235 3295 377 3388 Klosshng
449 3303 713 3376 θμεσοβασιλεῖςΟ
738 3304 859 3375 βασιλεῖς
878 3301 999 3371 Sylburg
1072 3309 1105 3356 16
1128 3307 1162 3373 τῇ

143 3405 225 3457 τοῦδε
248 3405 388 3488 προφάσει
412 3429 434 3465 ο,
453 3413 557 3468 Reiske
630 3416 663 3466 18
677 3390 878 3506 qujog’thV
951 3415 985 3464 26
1009 3408 1108 3482 ῥᾴδιον
1127 3403 1162 3476 ἦν

145 3474 199 3530 del.
214 3472 311 3528 Vass1s
329 3477 433 3550 Ἀθηνᾶ
447 3483 512 3538 VIII
530 3503 557 3554 p.
574 3490 626 3539 264
647 3484 650 3556 ί
671 3483 718 3554 ην]
738 3481 781 3550 εἴη
801 3481 823 3536 0
844 3497 911 3536 corr.
928 3479 1050 3558 Sylburg

198 3594 471 3642 mmmmm.
482 3599 586 3646 ῖιοοιιιι.
969 3591 1002 3641 10
