2654 3916
92 196 101 214 ”
138 199 205 265 310
555 227 589 236 -
627 198 673 250 1⁰
710 227 744 234 -

66 379 68 385 .
138 321 187 388 ἔτι
208 321 358 406 μεθέξεις
383 333 451 390 τῶν
474 322 702 408 ὀφειλομένων
724 331 795 399 τοῖς
822 322 980 406 ἀγαθοῖς,
1007 321 1080 388 ἀλλ’
1098 322 1161 388 οάκ

137 432 214 495 άπει
240 430 381 513 μάλιστα
407 431 469 514 μὲν
496 428 533 497 ἐκ
560 439 618 514 τῆς
646 431 787 514 πόλεως,
815 431 845 495 ελ
868 429 906 494 δὲ
928 432 972 514 μη
995 427 1026 513 γ’
1043 427 1080 496 ἐκ
1102 439 1161 516 της

139 535 275 625 ἀγοράς;
299 538 409 604 Ambr.

208 643 327 711 XVHI.
347 641 406 710 ’Ἀν
426 651 529 710 ταῦτα
550 643 703 727 λέγοντες
725 641 918 727 ἐκγράψωσί
938 665 978 725 με
1000 652 1058 728 τῆς
1080 646 1160 726 βου-

106 756 196 835 ιλῆς
223 751 279 818 καλ
305 751 535 836 μεταγάγωσιν
562 751 611 827 είς
636 751 695 827 τάς
721 760 789 816 τῶν
817 746 944 832 ἀτίμων
973 749 1097 836 φυλάς,
1128 752 1163 816 τί

137 860 221 945 πρὸς
250 858 373 936 αὐτοὺς
402 856 463 936 ἕξω
493 857 603 941 λέγειν
631 857 762 923 δίκαιον
790 856 812 941 ἣ
842 865 966 937 ποιείν;
995 859 1072 924 τίνα
1100 858 1161 924 τὸν

137 967 217 1048 μετά
244 974 348 1032 ταῦτα
374 967 453 1049 βίον
475 967 613 1049 ζήσομαι
635 965 815 1054 τηλικαύτῃ
836 964 1025 1048 περιπεσὼν
1048 963 1162 1052 ἀτιμίᾳ

96 1072 192 1139 2καδ
219 1074 298 1150 τοὺς
325 1069 359 1151 ἐξ
387 1070 532 1155 ἐμαυτοῦ
559 1071 685 1149 πάντας
712 1071 916 1157 περιλαβάν;
944 1068 1017 1158 (23)
1046 1071 1099 1136 σοί
1123 1070 1162 1137 δέ

138 1179 226 1266 αὐτῷ
254 1181 289 1245 τί
313 1183 474 1266 χρήσιμος
501 1175 550 1244 ἐτι
577 1182 769 1263 φανήσομαι
795 1179 834 1244 τὸ
857 1177 1031 1244 δύνασθαί
1051 1200 1083 1242 τι
1105 1177 1161 1244 καί

92 1294 118 1347 ἰο
136 1291 297 1369 τιμᾶσθαι
333 1288 423 1372 παρά
459 1295 529 1363 τοῖς
561 1289 712 1364 πολίταις
744 1282 935 1369 ἀποβαλών,
971 1283 1064 1349 δι’ἀ
1095 1293 1161 1350 νῦν

137 1392 345 1470 ἐσπούδακας
373 1392 450 1478 περὶ
477 1391 572 1475 ἐροίη
600 1395 747 1458 λείπεται
774 1393 816 1477 δὴ
843 1393 904 1458 τὸν
927 1391 1087 1475 οὐδεμίαν
1113 1388 1161 1457 ἐτι

135 1502 248 1587 χώραν
266 1499 304 1567 ἐν
322 1509 362 1586 τη
382 1500 518 1584 πατρίδι
540 1499 689 1584 κατέχειν
712 1500 902 1582 δυνάμενον
926 1497 1060 1564 ἀπιέναι
1077 1519 1160 1563 παν·

137 1610 279 1695 οικεσίηι,
316 1608 374 1684 τάς
418 1606 607 1691 ἀσχήμονας
647 1607 751 1672 αὑτοῦ
794 1607 1003 1690 καταγνόντα
1041 1604 1160 1690 φυγάς.

96 1711 249 1779 3ἐπειτα
272 1721 338 1778 ποῦ
361 1714 422 1778 τὸν
445 1714 564 1778 λοιπὸν
587 1710 703 1796 ἔσομαι
724 1715 863 1800 χρόνους
888 1712 908 1796 ἢ
932 1713 982 1790 τίς
1004 1708 1161 1790 ὑποδέξε-

92 1841 117 1882 ιε
137 1822 194 1886 ταί
218 1843 258 1903 με
285 1821 386 1897 τόπος
415 1814 687 1906 ἀπαρρησίαστον
709 1821 893 1904 γενόμενον
920 1818 1031 1906 ὥσπερ
1059 1819 1160 1899 είκός;

135 1929 156 2012 ἡ
181 1928 222 2011 σὴ
246 1928 414 2011 βασιλεία,
442 1927 484 2011 νὴ
506 1929 591 2011 Δία,
618 1927 675 1992 καί
701 1925 852 2013 παρέξεις
874 1949 931 2008 μοι
954 1929 997 1992 σὺ
1020 1927 1082 2010 την
1104 1947 1161 1990 τυ-

137 2035 300 2120 ραννικὴν
330 2033 462 2100 άπασαν
492 2034 724 2117 εὐδαιμονίανς
753 2033 809 2099 καί
838 2035 873 2098 τί
899 2055 956 2115 μοι
985 2037 1160 2117 τηλικοῦτο

137 2141 255 2219 δώσεις
287 2137 432 2225 ἀγαθόν,
464 2141 546 2207 ὅσον
578 2140 695 2226 ἀφελεῖ
724 2142 763 2206 τὸ
795 2140 931 2206 πάντων
961 2140 1161 2222 τιμιώτατον

96 2248 118 2313 4
136 2248 309 2333 κτημάτων
328 2247 545 2334 ἀφελόμενος,
567 2250 629 2333 την
647 2247 859 2334 ἐλευθερίαν;
882 2244 956 2334 (24)
977 2257 1046 2324 πῶς
1070 2245 1100 2312 δ’
1118 2245 1161 2312 ἀν

92 2376 118 2416 εο
136 2354 315 2439 ὑπομείναι
338 2355 505 2440 δυναίμην
524 2353 588 2439 ἐγὼ
612 2364 672 2421 τοῦ
695 2357 773 2438 βίον
796 2355 983 2438 μεταβολὴν
1001 2353 1063 2434 ὀψὲ
1081 2354 1161 2420 δον-

138 2463 249 2527 λούειν
272 2462 525 2545 διδασκόμενος;
548 2461 634 2527 ὅπου
657 2463 721 2548 γάρ
745 2462 778 2526 ολ
800 2459 1023 2545 γεννηθέντες
1044 2458 1083 2526 ἐν
1100 2463 1161 2544 βα-

137 2571 276 2645 σιλείαις
311 2569 367 2634 καί
403 2570 612 2656 τυραννίσιν,
651 2569 732 2634 ὅταν
768 2568 912 2651 εὐγενῶς
948 2563 1061 2653 ἔχωσι,
1102 2577 1160 2652 της

137 2674 332 2761 ἐλευθερίας
356 2678 528 2762 γλίχονται
553 2676 610 2742 καί
628 2672 732 2741 πάνθ’
746 2675 908 2759 ἡγοῦνται
925 2675 1059 2758 τάγαθά
1081 2675 1160 2741 ταύ-

137 2806 195 2868 της
218 2781 357 2867 ἐλάττω,
384 2779 405 2867 ἧ
429 2803 495 2849 που
519 2784 552 2848 ολ
574 2781 612 2849 ἐν
636 2781 800 2869 ἐλευθέρᾳ
821 2781 877 2846 καί
900 2779 1023 2868 ἐτέρων
1045 2783 1160 2868 ἀρχειν

92 2911 118 2951 τε
136 2891 294 2980 μαθούση
322 2891 417 2956 πόλει
444 2889 625 2971 βιώσαντος
652 2886 765 2976 πράως
792 2888 925 2954 οἴσουσι
948 2889 1010 2972 την
1033 2886 1070 2953 ἐκ
1092 2898 1160 2954 τῶν

136 2999 337 3082 κρειττόνων
369 2995 424 3062 ἐπὶ
459 2998 501 3062 τά
536 2999 634 3081 χείρω
671 2999 868 3081 μεταβολήν,
904 2993 937 3072 ἐξ
970 2992 1160 3081 ἐλευθέρων

209 3177 226 3224 θ
248 3171 402 3242 μετάγωσιν
425 3171 521 3228 Ambr.
542 3189 610 3227 corr.
630 3171 772 3241 Kiessling
845 3177 861 3225 8
884 3171 1042 3294 περηάαλὼν
1062 3167 1158 3224 Ambr.

136 3244 294 3315 περιλαβὼν
308 3243 353 3298 vel
367 3243 578 3315 σομπεριλαβὼν
592 3259 615 3298 ο.
631 3242 730 3298 Struve
748 3242 902 3312 Kiesslingi
920 3257 937 3296 ε.
958 3241 1067 3295 notatio
1085 3240 1160 3295 falsa

138 3317 181 3370 εει
252 3318 268 3368 9
287 3313 422 3384 χρήσιμον
441 3313 536 3368 Αωθε.
556 3331 625 3369 corr.
645 3314 760 3369 Struve·
815 3318 849 3368 18
868 3313 955 3368 αυτοῦ
973 3311 1069 3367 Ambr.
1090 3327 1159 3367 corr.

138 3386 236 3441 Struve
288 3391 320 3438 16
340 3386 389 3439 καλ
403 3386 429 3440 εἰ
441 3383 570 3454 παράξεις
588 3403 611 3443 ο.
627 3385 727 3441 Sbmvo
778 3391 810 3440 1⁷
830 3384 879 3439 καὶ
894 3386 960 3440 ουλε
973 3404 1000 3440 τι
1014 3383 1068 3439 del.
1083 3383 1159 3438 idem

67 3531 70 3538 Ι
138 3463 172 3511 22
192 3456 301 3527 εόγενές
319 3455 414 3511 Ambr.
434 3454 465 3512 τό
484 3457 594 3528 εόγενές
612 3457 755 3528 Kiessling
773 3457 892 3526 εὐγενῶς
911 3456 1010 3511 Struve
