2668 3922
155 211 222 276 ειν
573 211 758 263 -1r-

155 337 194 402 όέ
220 347 289 402 τῶν
315 336 457 420 κρότων
480 335 737 420 ἀναβεβηκότων
757 335 814 400 καλ
840 338 920 412 τοὺς
945 335 1177 421 ὑστερίζοντας

155 442 419 528 ἀναάεχομένων,
442 443 499 508 ἵνα
520 445 657 520 πλείους
676 445 852 526 χωόμενοι
867 445 942 508 τότε
960 441 1177 526 ἀτοσφάξωσι

154 553 234 628 τοὺς
265 548 303 616 ἐν
334 559 407 626 ταλς
438 555 604 634 φυλακαῖς
634 550 691 614 καλ
717 549 968 632 καταλάβωνιαι
993 552 1032 615 τὸ
1060 547 1177 634 ἔρυμα,

155 657 349 742 ἀνθρώπων
377 657 440 739 μὲν
469 657 582 734 οὐδεὶς
610 654 748 740 ἔμαθεν,
779 657 862 740 λερολ
892 657 933 722 όέ
958 680 1048 734 τινες
1069 654 1177 743 Ἤρας

123 785 136 826 ι
154 774 252 850 χῆνες
282 763 321 830 ἐν
342 774 388 852 τῷ
410 763 538 846 τεμένει
560 765 760 848 τρεφόμενοι
782 767 1010 846 καταβοῶντες
1032 763 1099 845 ἅμα
1120 764 1177 829 καλ

153 881 224 948 τολς
255 871 439 957 βαρβάροις
469 870 570 954 ὁμόσε
601 879 789 956 χωροῦντες
816 874 995 956 κατήγοροι
1025 873 1177 954 γίνονται

113 979 214 1044 4τοῦ
241 987 355 1044 κακοῦ.
401 975 438 1043 ἐκ
464 977 503 1042 ἀὲ
529 978 652 1043 τούτου
678 981 805 1062 ταραχή
831 998 867 1042 τε
891 978 947 1042 καλ
969 979 1097 1062 κραυγὴ
1119 978 1177 1043 καλ

154 1083 203 1170 [ό]
227 1083 350 1168 δρόμος
377 1083 535 1150 ἀπάντων
555 1080 599 1168 ἦν
622 1084 907 1167 παρακαλούντων
929 1086 1094 1168 ἀλλήλους
1121 1083 1176 1150 ἐτλ

152 1193 194 1256 τά
221 1191 322 1276 όπλα,
348 1191 405 1257 καλ
432 1192 466 1256 ολ
488 1192 611 1257 Κελτοὶ
639 1191 720 1270 (όὲ>
748 1193 885 1267 πλείους
909 1191 974 1274 ἤδη
1001 1193 1177 1275 γεγονότες

109 1319 136 1362 ιο
153 1295 303 1384 ἐχώρουν
326 1296 498 1383 ἐνδοτέρω.
542 1299 654 1364 Ambr.

225 1403 313 1472 vm.
333 1403 406 1493 (11)
426 1402 572 1472 Ἐνθάόε
594 1427 645 1482 τις
666 1415 735 1470 τῶν
758 1403 945 1490 ἐσχηκότων
962 1406 1024 1489 την
1046 1403 1176 1470 ύπατον

153 1510 271 1600 ἀρχήν,
294 1513 434 1598 Μάρκος
452 1511 620 1594 Μάλλιος,
643 1512 794 1596 ἀρπάσας
810 1513 852 1576 τά
870 1512 957 1577 όπλα
973 1511 1030 1576 καὶ
1052 1513 1177 1588 σνστάς

152 1631 222 1698 τοῖς
250 1620 432 1704 βαρβάροις
458 1621 519 1683 τόν
546 1641 581 1683 τε
609 1630 743 1703 πρῶτον
769 1615 941 1702 ἀναβάντα
967 1618 1066 1698 <καλ>
1093 1620 1177 1683 κατὰ

152 1737 211 1811 τῆς
239 1731 386 1810 κεφαλῆς
416 1725 520 1790 αὐτοῦ
549 1727 587 1790 τὸ
618 1723 715 1809 ξίφος
744 1725 892 1812 φέροντα
920 1725 1057 1810 φθάσας
1086 1727 1177 1790 παίει

108 1807 235 1938 Ξκατά
263 1842 324 1898 τοῦ
354 1833 534 1916 βραχίονος
562 1831 619 1896 καὶ
648 1833 829 1898 ἀποκόπτει
856 1833 916 1898 τὸν
943 1833 1090 1915 ἀγκῶνα·
1120 1832 1176 1897 καλ

152 1942 212 2006 τὸν
241 1939 297 2007 ἐπὶ
326 1940 433 2027 τούτῳ
463 1939 545 2024 πρὶν
572 1937 621 2024 [ἢ]
650 1940 698 2016 εἰς
724 1949 837 2025 χεῖρας
863 1937 979 2004 ἐλθεῖν
1007 1937 1101 2024 ὀρθῷ
1129 1949 1175 2026 τῷ

151 2053 266 2137 ἀνρεφ
290 2045 435 2125 πατάξας
457 2047 505 2124 εἰς
527 2047 564 2112 τὸ
587 2048 768 2132 πρόσωπον
791 2045 969 2131 ἀνατρέπει
991 2046 1047 2110 καλ
1069 2047 1176 2127 κείμε-

152 2179 215 2220 νον
249 2152 468 2240 ἀποσφάττει,
506 2150 618 2219 ἔπειτα
649 2155 729 2230 τοὺς
760 2155 881 2231 ἄλλους
912 2152 1177 2239 τεταραγμένους

151 2263 215 2347 ἤδη
238 2260 391 2328 ἐλαύνων
412 2261 479 2327 ὑπὸ
502 2261 623 2344 πόδας,
653 2260 713 2337 οὓς
734 2259 796 2342 μὲν
819 2259 1022 2343 ἀπέκτεινεν,
1050 2259 1110 2336 οὓς
1137 2259 1175 2324 δέ

107 2387 134 2430 ιο
151 2370 234 2434 κατὰ
260 2379 320 2435 τοῦ
348 2377 499 2453 κρημνοῦ
527 2368 658 2433 διώκων
686 2366 821 2452 ἐξέχεεν.
868 2367 943 2432 ἀντὶ
969 2367 1091 2451 ταύτης
1120 2365 1174 2431 εύ-

152 2497 227 2559 ρετο
251 2485 308 2560 τῆς
332 2477 499 2559 ἀριστείας
521 2476 583 2559 τὴν
601 2474 796 2558 πρέπουσαν
818 2483 863 2562 τῷ
886 2476 960 2540 τότε
983 2485 1086 2560 καιρῷ
1111 2473 1174 2538 ἀω-

152 2582 233 2665 ρεάν
255 2583 345 2665 παρὰ
367 2593 435 2647 τῶν
457 2584 665 2666 κατεχόντων
687 2583 725 2647 τὸ
749 2582 973 2665 Καπιτώλιον,
999 2581 1095 2646 οἴνου
1118 2579 1175 2645 καὶ

111 2689 132 2755 3
152 2687 223 2768 ζόας
241 2689 303 2772 την
321 2685 489 2772 ἐφήμερον
509 2685 632 2774 ἀνδρὸς
653 2687 794 2754 ἑκάστου
817 2692 956 2774 τροφήν.
993 2686 1067 2775 (12)
1086 2688 1174 2773 Περὶ

152 2795 190 2862 ἀὲ
208 2805 276 2861 τῶν
294 2793 375 2875 (ἐν)
395 2792 510 2882 ἐκείνφ
529 2805 574 2881 τῷ
593 2797 683 2882 τόπφ
704 2796 766 2879 τὴν
785 2796 939 2879 φυλακὴν
957 2793 1173 2878 ἐκλιπόντων,

222 2977 238 3026 ό
258 2980 345 3042 χηνας
364 2969 452 3024 Ambr
521 2977 536 3026 6
555 2969 652 3026 Naber
669 2971 771 3024 Mnem.
790 2975 833 3037 30,
847 2975 898 3024 259
919 2987 948 3024 εο
966 2970 1074 3025 nescire
1093 2970 1172 3037 dicit,

151 3041 219 3110 quid
244 3043 361 3098 tandem
386 3042 537 3112 Dionysius
563 3042 598 3097 de
625 3041 770 3096 anseribus
793 3042 824 3096 in
847 3041 986 3111 Capitolio
1011 3041 1171 3095 tradiderit.

150 3115 277 3182 Apparet
290 3115 320 3168 id
335 3114 449 3184 quidem
468 3119 564 3169 caeco!
618 3119 634 3168 8
653 3112 731 3168 καλό
747 3110 850 3182 δρόμος
863 3112 958 3166 Ambr.
974 3111 989 3167 ό
1004 3113 1057 3168 del.
1073 3113 1173 3168 Struve

151 3191 166 3238 9
186 3181 285 3240 Κόλτοι
304 3185 334 3240 δὲ
354 3183 466 3248 πλείοις
485 3203 508 3240 ο.
524 3185 623 3240 Struve
696 3191 729 3238 11
748 3185 799 3254 τὴν
817 3183 926 3240 ὑπάτου
945 3184 1035 3254 ἀρχὴν
1057 3201 1079 3239 ο.
1099 3183 1172 3238 falso

150 3255 249 3310 δύναιο
312 3262 344 3310 13
364 3257 412 3311 καλ
432 3258 497 3312 add.
512 3257 655 3327 Kiessling
717 3262 751 3310 14
768 3255 851 3309 πόλει
868 3255 964 3309 Ambr.
1027 3262 1061 3310 16
1080 3253 1098 3325 ἢ
1117 3255 1171 3310 del.

149 3325 292 3397 Kiessling
356 3333 389 3381 19
408 3325 463 3384 ἀπὸ
483 3326 584 3400 πόδας]
607 3329 642 3382 cf.
663 3327 762 3382 θύοιτο
781 3327 818 3380 ού
836 3327 912 3380 hunc
930 3327 1023 3380 locum
1087 3332 1121 3381 23
1139 3321 1171 3381 τό

150 3397 448 3469 ἐφήμερον-τροφὴν
467 3399 562 3454 Ambr.
586 3408 692 3468 τροφῆς
712 3397 856 3468 Kiessling
880 3397 931 3468 τὴν
950 3397 1090 3468 ἐφήμερον
1108 3417 1172 3465 τρο-

150 3469 208 3540 φὴν
231 3469 337 3539 optime
361 3470 452 3525 Maius
472 3471 592 3526 correxit
611 3470 726 3526 ef.v111
744 3475 819 3537 41‚5
888 3475 923 3524 24
942 3469 972 3524 ἐν
991 3470 1056 3524 add.
1072 3469 1172 3524 Struve
