2654 3916
553 246 587 254 -
624 218 670 270 18
707 247 742 254 -
1092 218 1158 283 303

136 345 255 428 νόμιζε.
299 341 374 426 ἐμοὶ
395 338 427 408 δ’
445 341 521 408 ἄντί
542 343 672 408 τούτων
693 337 767 427 μήτ’
785 343 903 408 ἄδικον
925 343 1001 427 μήν’
1017 343 1159 429 αἰσχρὰν

136 449 257 538 πρᾶξιν
279 449 489 541 ὑπηρετήσης
510 450 685 535 μηδεμίαν,
713 444 785 514 ἀλλ’
802 447 836 528 ἐξ
860 443 908 515 ὧν
931 449 1031 527 αὐτὸς
1052 451 1159 535 κρείτ-

136 582 204 624 τοιν
231 555 290 648 ἕση
317 557 373 622 καί
399 557 590 644 τιμιώτερος
618 555 656 623 ἐν
678 564 718 642 τη
741 565 890 622 ,σεαυτοῦ
915 557 1058 642 πατρίδι.
1103 556 1199 624 καλό

15 649 16 660 ¹
136 675 270 751 πρῶτον
296 665 358 748 μὲν
385 663 441 730 όπλ
467 665 525 742 τὰς
553 662 748 747 διαλλαγάς,
775 663 837 748 όση
865 664 1006 747 δύναμις
1033 661 1071 730 όν
1094 666 1159 748 σοί,

135 775 354 860 παρόρμησον
384 773 447 856 τήν
478 771 556 857 ἄχρι
586 771 687 836 τοῦδε
714 770 853 856 δύσεριν
879 771 936 837 καὶ
963 770 1065 837 οὐδὲν
1091 781 1159 837 τῶν
1191 795 1204 835 ι

135 881 279 964 μετρίων
302 887 499 965 φρονοῦσαν
524 881 664 962 βουλήν,
691 878 871 961 διδάσκων,
898 878 943 956 ὡς
970 877 1076 959 <οὐκ>
1104 875 1160 957 ἐπὶ

53 996 224 1072 εεεεκακῷ
251 994 310 1070 της
336 987 463 1062 πόλεως
485 983 581 1067 ὑμῶν
604 984 746 1069 όφίγμαι
773 987 990 1071 Ταραντίνοις
1012 985 1160 1064 καὶτοῖς

135 1093 249 1170 ἄλλοις
277 1087 476 1169 Ἰταλιώταις
507 1091 736 1177 ὑποσχόμενος
767 1095 963 1177 βοηθήσειν,
995 1092 1054 1171 οὓς
1082 1093 1160 1159 οὔτε

135 1199 232 1266 ὅσων
259 1198 330 1265 οὔτ’
351 1199 519 1284 εὔσχημον
541 1196 613 1264 ἐστί
638 1221 696 1280 μοι
720 1201 862 1286 παρόντι
883 1201 965 1282 μετὰ
987 1200 1160 1284 δυνάμεως

134 1307 191 1374 καί
217 1307 280 1392 τήν
306 1307 442 1394 πρώτην
468 1306 657 1390 νενικηκότι
683 1305 792 1391 μάχην
819 1304 1058 1390 ἐγκαταλιπεῖν,
1103 1309 1160 1373 καί
1178 1331 1204 1371 ιο

134 1413 225 1479 πάνυ
252 1415 360 1478 πολλὰ
387 1413 443 1480 καί
470 1412 633 1497 ἀναγκαία
660 1413 836 1497 πράγματα
857 1415 940 1480 κατὰ
962 1422 1084 1478 τοῦτον
1105 1437 1159 1498 γε-

134 1523 260 1604 νόμενα
282 1521 342 1585 τὸν
364 1521 483 1607 καιρὸν
505 1517 560 1586 ἐπί
582 1520 644 1604 τήν
668 1519 759 1585 ἰδίαν
781 1543 821 1604 με
848 1518 955 1607 ἀρχήν
977 1525 1158 1604 μετακαλεῖ.

134 1625 209 1716 (10)
236 1631 363 1704 πίστεις
395 1650 430 1692 τε
462 1626 625 1712 ὑπόχομαι
656 1627 779 1712 πόσας,
811 1627 932 1694 ὁπόσαι
963 1629 1199 1712 βεβαιοῦσινὸ

135 1735 327 1822 ἀνθρώπων
350 1734 542 1820 ὁμολογίας,
568 1733 625 1800 καὶ
652 1735 743 1823 μόνῳ
771 1735 827 1802 καί
853 1737 935 1819 μετὰ
957 1746 1025 1802 τῶν
1048 1737 1159 1802 ἄλλων

134 1845 349 1929 πρεσβευτῶν
376 1841 453 1929 περί
480 1852 538 1928 τῆς
569 1841 683 1908 οἴκαδε
711 1841 913 1927 ἀνακομιδῆς
935 1844 958 1928 †
981 1841 1066 1909 εἶναι
1085 1841 1159 1910 Ῥω·
1178 1865 1204 1906 ιι

52 1968 123 2018 2349
134 1959 226 2033 μαίοι
244 1951 439 2034 ποιήσαιντο
459 1952 568 2036 φίλοι,
587 1951 643 2016 ἵνα
660 1956 802 2035 θαρρῶν
820 1951 904 2034 πρὸς
921 1952 1000 2026 τοὺς
1016 1960 1158 2016 σεαυτοῦ

134 2059 271 2135 πολίτας
307 2055 419 2148 λόγης,
456 2059 486 2123 εί
520 2058 563 2141 δή
594 2072 662 2120 τισι
692 2057 730 2120 τὸ
762 2065 821 2139 της
851 2057 1021 2138 βασιλείας
1052 2056 1159 2139 ὄνομα

133 2163 286 2230 ὕποπτόν
318 2161 411 2229 ἐστιν
443 2164 488 2240 ὡς
520 2162 691 2246 ἀπατηλὸν
723 2160 761 2227 ἐν
797 2161 1002 2245 ὁμολογίαις,
1039 2159 1072 2240 ἐξ
1109 2157 1158 2229 ὧν

134 2269 243 2352 ἕτεροί
259 2291 348 2346 τινες
365 2268 403 2334 όν
422 2269 533 2354 ὅρκοις
551 2268 607 2334 καί
630 2269 792 2346 σπονδαῖς
815 2277 1021 2354 παρανομεῖν
1039 2265 1158 2348 ἔδοξαν

134 2377 232 2458 ὅμοια
253 2375 310 2440 καὶ
332 2376 410 2462 περί
432 2373 513 2458 ἐμοῦ
532 2374 809 2462 τεκμαιρομένοις.
845 2375 1026 2461 γενομένης
1038 2376 1083 2442 δὲ
1099 2351 1204 2480 τήςῗ0

206 2557 222 2604 2
247 2549 423 2620 ὑπηρετήσας
446 2549 473 2604 X
501 2551 536 2606 ef.
560 2551 709 2605 Buumnnn
734 2551 800 2607 Obs.
824 2551 860 2606 de
881 2569 935 2606 usu
957 2553 1033 2608 mod.
1051 2571 1079 2624 p.
1095 2559 1129 2609 66
1151 2553 1154 2627 i

133 2619 230 2695 αὐτὸς]
262 2622 355 2677 αὐτῶν
389 2621 517 2677 Herilein
548 2621 665 2678 Hermes
696 2621 723 2676 X
749 2629 800 2678 421
838 2621 923 2686 αὑτός
953 2645 983 2679 τε
1014 2625 1158 2695 Kiessh'ng

134 2700 150 2748 3
169 2693 271 2750 ἑαυτοῦ
304 2703 421 2750 σεαυτοῦ
440 2693 569 2750 Herilein
583 2695 601 2750 l.
612 2694 630 2748 l.
695 2701 712 2749 5
732 2695 845 2763 δυ’νεριν
864 2694 887 2750 0
907 2695 1020 2764 δόσεριν
1038 2696 1157 2752 Ursinus

135 2767 222 2821 θοῦν
241 2783 258 2820 ιι
280 2766 306 2820 d.
321 2765 425 2821 Reiske
498 2767 611 2837 λήμῦν
630 2765 653 2821 0
672 2767 749 2836 ὑμῶν
769 2765 929 2891 Sylbmgli
947 2768 998 2822 οῦκ
1017 2775 1073 2822 v.6
1093 2783 1156 2821 cum

133 2837 237 2893 Ruisks
271 2840 301 2892 ei
336 2834 522 2905 Ταραντίνοις
552 2837 583 2892 δὲ
613 2838 663 2892 καλ
695 2854 718 2892 ο.
742 2837 871 2894 Heriloin
929 2855 1019 2893 ermes
1050 2837 1076 2891 X
1103 2843 1156 2893 422

133 2914 150 2962 8
170 2905 213 2972 οἷς
231 2908 254 2964 O
274 2909 323 2972 οῦς
341 2907 464 2979 Sylburg
528 2915 562 2964 10
580 2907 742 2977 νενικηκόσι
760 2909 783 2965 0
803 2927 872 2965 corr.
891 2909 1010 2964 Ursinus
1031 2909 1034 2982 1
1055 2909 1156 2980 μάχην.

133 2979 329 3050 ἐγκαταλιπεῖν
352 2980 383 3036 δὲ
406 2981 455 3034 καί
478 2979 504 3034 Χ
529 2979 631 3051 μάχην,
657 2980 837 3050 ἐγκαταλιπεῑ
859 2980 889 3035 δὲ
911 2981 960 3035 καλ
978 2979 1028 3034 EV
1046 2983 1156 3036 textum

133 3050 251 3106 Ursinus
276 3053 402 3106 restituit
479 3057 513 3106 15
539 3053 714 3122 ἀνακομιδῆς
736 3047 814 3108 εἶναι
834 3051 966 3122 Ῥωμαῖοι
990 3051 1157 3122 ποιήσαιντο

134 3119 224 3191 φίλοι,
243 3121 292 3176 ίνα
310 3123 333 3178 0
351 3123 439 3178 verba
457 3126 590 3193 corrupta
609 3125 687 3190 suni3
707 3123 734 3178 ἀ.
753 3119 841 3194 εἶναι,
865 3123 915 3178 ἐὰν
934 3120 971 3178 Ῥ.
990 3123 1157 3194 ποιήσαιντο

133 3195 195 3262 (εἰσ)
214 3191 324 3262 φιλίαν·
345 3194 394 3250 λ’να
413 3213 436 3250 ο.
450 3194 554 3249 Reiske
578 3193 628 3249 ἐὰν
650 3195 824 3264 ποιήσωνται
845 3195 956 3264 Kruger
978 3195 1038 3250 Ind.
1057 3214 1099 3266 gr.
1114 3215 1155 3265 gr.

132 3283 160 3334 p.
181 3270 235 3320 268
261 3265 289 3318 όι.
310 3266 336 3320 εἰ
357 3264 394 3322 Ῥ,
415 3265 582 3336 ποιήσονται
609 3263 717 3335 φιλίαν,
744 3265 793 3322 ἵνα
819 3266 975 3337 Kiessling‚
1001 3267 1052 3321 ulii
1077 3267 1157 3321 uliud

134 3343 168 3390 16
191 3334 293 3391 ἑαυτοῦ
317 3335 340 3390 0
367 3347 484 3394 σεαυτοῦ
509 3337 638 3394 Herilein
660 3337 777 3393 Hermes
795 3338 821 3392 X
839 3343 892 3392 422
966 3344 998 3393 17
1022 3335 1110 3408 λέγεις
1132 3338 1156 3393 O

132 3404 212 3480 λόγης
230 3407 257 3460 εί
275 3403 307 3462 δί
324 3425 380 3462 τισι
398 3409 514 3464 Ursinus
532 3411 555 3464 λ.
570 3409 596 3463 εί
614 3408 650 3478 δή
667 3426 723 3464 τισι
742 3409 901 3480 Stephanus
957 3415 991 3465 20
1009 3406 1157 3480 τεκμαιρό-

133 3497 215 3548 μενος
234 3477 257 3532 0
276 3495 345 3534 corr.
366 3479 488 3551 Sylburg
