2668 3922
582 246 616 255 -
654 214 694 270 IR
733 247 767 256 -
1118 220 1183 285 217

165 345 273 428 δῆμον
295 337 486 429 ἐξερεθίσας
513 343 596 428 πρὸς
623 342 727 409 αὐτὸν
740 344 764 428 †
778 346 954 428 ποιήσηται
981 345 1037 410 διά
1058 355 1126 410 τῶν
1148 343 1185 411 ἐκ

164 459 223 535 τῆς
245 447 408 536 ἑταιρείας
433 447 617 535 ἐπιβουλήν
639 473 715 516 τινα
737 447 808 516 κατ’
826 451 930 517 αὐτοῦ
957 453 1185 537 μηχανησάμε-

164 580 233 642 νος,
255 555 453 642 ἀγανακτῶν
470 579 505 622 τε
523 555 568 622 δι’
580 555 752 644 ἀμφότερα
770 567 873 624 ταῦτα
894 559 951 624 καί
973 558 1185 644 ἀπηλλάχθαι

164 664 444 750 προθυμούμενος
471 662 602 730 ἐκείνου
629 667 763 747 μείζονα
788 664 810 750 ή
832 662 904 732 κατ’
928 666 1064 751 ἰδιώτην
1088 665 1185 751 ἰσχὺν

164 768 308 857 ἔχοντος,
331 769 467 856 έπιμελή
486 773 621 856 ζήτησιν
638 770 781 838 ἐποιεῖτο
804 782 873 838 τῶν
889 770 947 838 ὑπ’
966 772 1069 840 αὐτοῦ
1093 779 1186 856 λεγο-
1218 786 1230 826 ⁶

163 877 274 961 μένων
296 901 332 944 τε
353 879 410 944 καί
432 877 677 965 πραττομένων.
721 883 857 946 πολλῶν
880 879 918 946 δέ
940 881 1059 964 ὄντων,
1089 871 1139 958 οἷς
1167 874 1238 946 612

164 983 250 1070 ἀνήρ
273 996 450 1072 συνεργοῖς
472 985 590 1072 έχρήτο
615 996 683 1054 τών
706 985 914 1074 ἀπορρήτων,
941 988 997 1054 καί
1024 987 1101 1053 οὔτε
1127 989 1186 1064 τὰς

164 1091 283 1175 φάσεις
309 1091 435 1176 ὁμοίων
457 1094 535 1160 οὔτε
561 1096 620 1172 τὰς
646 1094 779 1179 γνώμας
805 1096 1045 1180 παραπλησίων
1072 1090 1188 1177 ἔμελλέ

162 1221 213 1275 τις
235 1198 317 1286 ὅπερ
340 1201 429 1278 εἰκὸς
451 1202 492 1268 οὐ
515 1200 650 1285 βέβαιος
672 1201 762 1290 αὐτῷ
785 1198 923 1268 ἔσεσθαι
946 1203 1059 1287 φίλος,
1086 1199 1106 1286 ή
1130 1201 1186 1265 διὰ

164 1307 274 1390 φόβον
296 1305 317 1391 ή
341 1308 398 1373 διὰ
420 1307 538 1394 κέρδος
561 1308 664 1374 ίδιον·
687 1301 716 1397 ,ώ
737 1310 779 1374 τά
801 1309 901 1374 πιστά
924 1308 1005 1385 δοὺς
1028 1307 1186 1392 ὁΜηνύ-
1205 1325 1231 1366 1⁰

163 1435 234 1490 κιος
256 1412 342 1498 ὑπὲρ
365 1423 425 1480 τοῦ
448 1415 568 1500 μηδενί
591 1416 735 1502 φράσειν
758 1415 849 1493 δστις
869 1411 924 1500 ἧν,
946 1413 1079 1480 άπασαν
1099 1411 1185 1498 ἔγνω

163 1522 225 1604 τήν
256 1541 292 1585 τε
324 1521 477 1588 διάνοιαν
508 1532 569 1589 τοῦ
601 1525 752 1588 Μαιλίου
783 1523 840 1589 καί
870 1523 932 1607 τήν
963 1525 1185 1609 παρασκευήν.

164 1626 209 1704 ὡς
240 1626 278 1692 δὲ
309 1628 365 1694 καί
396 1633 573 1717 τεκμήριον
605 1626 725 1714 ἔλαβεν
757 1629 1004 1716 ἀναμφίλεκτον
1035 1629 1091 1694 καί
1124 1629 1186 1712 τήν
1198 1626 1239 1692 13

163 1731 284 1818 πρᾶξιν
311 1732 350 1800 ἰν
375 1735 492 1822 χερσίν
519 1730 626 1803 οὖσαν
653 1734 755 1821 ἔγνω,
782 1736 871 1822 λέγει
896 1737 980 1823 πρὸς
1001 1737 1081 1814 τοὺς
1102 1733 1186 1800 ὑπά-

163 1859 255 1918 τους·
278 1838 401 1908 ἐκείνοι
420 1842 529 1910 δὀὐκ
551 1841 722 1922 ἀξιοῦντες
744 1839 798 1928 ἐφ’
816 1841 947 1920 έαυτολς
969 1851 1106 1927 ποιῆσαι
1128 1843 1186 1924 μά
1205 1861 1230 1902 1⁵

164 1971 237 2026 νοις
258 1945 490 2036 ἐπιχειρήσεως
511 1951 709 2036 τηλικαύτης
732 1948 880 2028 ἐξέτασιν
903 1951 952 2027 εἰς
974 1952 1035 2035 τήν
1058 1951 1186 2034 βουλήν

163 2052 270 2144 ᾤοντο
298 2056 372 2122 δεῖν
398 2058 436 2123 τὸ
463 2067 598 2144 πρᾶγμα
625 2057 805 2143 εἰσφέρειν,
832 2057 888 2122 καί
915 2055 1124 2122 συνεκάλουν
1148 2057 1186 2121 τὸ

163 2162 343 2249 συνέδριον
362 2164 468 2242 εὐθὺς
491 2165 535 2242 ὡς
557 2166 634 2251 περὶ
656 2163 803 2248 πολέμου
827 2164 869 2250 δή
892 2185 983 2240 τινος
1002 2162 1185 2248 ὑπερορίου

162 2272 431 2353 βουλευσόμενοι.
486 2270 724 2358 πληρωθέντος
755 2271 794 2337 δί
824 2279 885 2337 τοῦ
917 2269 1097 2354 συνεδρίου
1130 2269 1186 2334 διὰ
1197 2269 1240 2332 14

130 2406 133 2413 ·
162 2375 289 2463 ταχέων
320 2378 502 2463 παρελθὼν
533 2379 649 2464 ώτερος
681 2377 794 2444 αὐτῶν
825 2374 946 2460 ἔλεξεν,
982 2375 1033 2442 ὅτι
1069 2373 1186 2462 πρᾶξις
1204 2396 1231 2436 εο

163 2484 278 2560 αὐτοῖς
313 2487 496 2568 μεμήνυται
533 2483 797 2570 σνσκευαζομένη
838 2485 921 2550 κατά
961 2493 1020 2568 τής
1059 2485 1185 2560 πόλεως

163 2623 356 2691 οοοεεοίἰοοίς
375 2641 427 2694 pro
445 2624 595 2693 ποιήσηται
614 2642 674 2693 sqq.
693 2641 717 2679 v.
734 2631 748 2678 1
768 2641 791 2679 ο.
808 2623 911 2679 Feder:
932 2624 1035 2697 ποιήση
1053 2623 1104 2695 τὴν
1123 2623 1186 2678 διά-

84 2716 86 2720 ⁴
163 2713 260 2752 οταοιν
278 2695 310 2750 έκ
332 2703 382 2766 τής
404 2695 435 2765 ἑ,
460 2696 611 2766 ποιήσηται
633 2695 708 2750 malo
726 2697 879 2766 repetitum
897 2712 933 2751 ex
949 2713 977 2764 p.
993 2701 1045 2750 916
1063 2713 1087 2749 v.
1104 2701 1138 2750 25
1157 2698 1186 2749 et

275 2784 356 2838 σηται
379 2774 441 2822 v.2
471 2766 650 2821 scn'bendum
681 2783 741 2822 οεεε
770 2767 873 2823 Mflller
902 2769 1010 2834 censet3
1036 2766 1126 2821 ἀλλων
1148 2766 1185 2836 μή

218 2787 254 2822 αν

162 2767 353 2907 ἰάάττράτεροκ
378 2846 428 2910 τῆς
452 2836 734 2908 ἀριστοκρατίας-ἢ
758 2835 808 2894 τὸν
834 2841 923 2909 δῆμον
948 2836 1093 2909 έξερεθίση
1115 2833 1186 2904 πρὸς

163 2907 250 2964 αάτδν
267 2910 317 2964 καί
336 2911 450 2980 ἰδιώτης
468 2908 507 2964 διν
522 2909 553 2964 ἐκ
566 2917 616 2980 τής
629 2909 650 2965 δ.
669 2926 692 2964 ο.
707 2909 817 2979 Kayser
829 2909 923 2966 Fleok.
939 2911 1011 2963 Anu.
1028 2913 1097 2963 1870
1112 2911 1185 2978 (101)

164 2985 229 3046 '1273
248 2981 284 3050 μή
304 2979 441 3050 πρότερον
452 2980 475 3051 ἢ
489 2981 540 3051 τὴν
559 2979 776 3050 ἀριστοκρατίαν
794 2978 881 3036 αίτδν
899 2979 1113 3050 τιμωρήσασθαι
1131 2979 1186 3050 (vel

162 3053 312 3121 κωλῦοαιί)
331 3051 381 3108 τὸν
395 3055 484 3124 δήμου
501 3050 660 3121 ἐξερεθίσαι
674 3049 745 3121 πρὸς
763 3049 859 3122 αάτάν,
876 3049 1026 3121 αἰφνιδίαν
1041 3068 1101 3120 sqq.
1117 3067 1140 3105 ο.
1153 3051 1183 3106 Β.

163 3121 296 3176 Zarnckii
312 3124 441 3180 Ιιίἰιίιοτοτ
457 3124 584 3179 Univers.
600 3129 678 3188 1810.
693 3129 745 3179 893
810 3131 824 3177 1
844 3120 915 3192 πρὸς
933 3119 1020 3177 αάτδν
1039 3122 1186 3192 δηλήσεται

163 3192 213 3248 διὰ
230 3201 286 3247 τῶν
305 3193 336 3249 έιι
359 3213 382 3251 ο.
403 3195 516 3251 ΚδείΙίη
533 3195 635 3251 Philol.
655 3201 698 3263 34,
716 3199 769 3249 572
849 3201 865 3248 9
888 3195 1100 3265 ἀγανακτοῦντες
1122 3195 1184 3249 Εεο.

163 3261 319 3347 9βέβαιον
343 3267 404 3320 Εεο.
449 3264 501 3322 έα

162 3333 404 3404 Em.D10n.111,
446 3355 462 3393 ο
483 3341 512 3394 ει
531 3337 595 3393 Οθε.
615 3357 642 3409 p.
658 3343 692 3392 99
717 3339 727 3464 ή
756 3334 843 3394 αὑτὸν
861 3337 922 3392 Εεο.
942 3337 1018 3409 αὐτῷ
1034 3337 1079 3391 vel
1097 3337 1184 3392 αὐτοῦ

162 3406 266 3462 Μιλίἰει·
338 3413 371 3462 19
393 3408 612 3482 ἀναμφίλεκτον]
636 3410 714 3480 ἀναφ
727 3411 824 3464 λεκτον
842 3409 903 3463 Εεο.
977 3413 1010 3462 17
1032 3405 1183 3479 εἰσφέρειν]

163 3476 275 3549 έφέρειν
293 3478 355 3534 Εεο.
430 3485 463 3534 19
482 3478 684 3552 βουλευόμενον
702 3482 763 3536 Εεο.
784 3476 997 3558 βουλευσάμενοι
1014 3479 1105 3534 Peder

502 3285 544 3330 ιος
568 3266 671 3322 Μῐίἰίετ
695 3263 814 3338 βεβαίως
839 3265 982 3336 Kiessliug
1007 3264 1042 3321 cf.
1062 3265 1185 3320 Sintenis
