2654 3916
578 225 611 233 -
649 197 685 247 15
721 223 755 232 -
1112 193 1177 260 281

155 320 314 407 ηκίστους
336 322 392 387 καλ
414 321 504 406 παρὰ
527 321 634 406 φύσιν
656 329 727 397 τοῖς
749 319 887 406 ἄρρεσιν
909 319 1031 406 ὕβρεις.
1080 319 1178 386 Vale&

153 435 183 494 ιί
204 426 294 495 said.
317 450 342 495 ε.
365 451 392 494 υ.
417 428 518 505 Γάιος
540 428 734 514 Λαιτώριος.

226 535 266 602 V.
290 532 341 623 (9)
356 532 431 600 Ἔτι
458 534 497 600 δὲ
523 535 646 601 τούτου
669 534 946 620 θαυμασιώτερον
969 530 1115 618 ἔπραξαν
1138 533 1179 599 οὐ

73 659 146 709 2338
155 646 292 718 πολλοῖς
320 643 485 728 πρότερον
515 643 663 728 χρόνοις,
693 642 801 707 καίτοι
830 641 906 726 περὶ
934 641 1059 706 δοῦλον
1086 650 1180 724 σῶμα

155 747 336 833 γενομένης
367 759 426 834 τῆς
456 747 593 833 ὕβρεως.
648 746 724 826 ἐνὸς
760 748 824 832 γάρ
860 757 928 813 τών
960 747 1180 833 παραδόντων
1212 768 1224 809 ι

155 857 339 932 Σαυνίταις
368 857 406 920 τὸ
434 856 661 942 στρατόπεδον
690 853 871 940 χιλιάρχων
898 855 954 920 καί
982 853 1048 920 ὑπὸ
1079 855 1180 938 ζυγὸν

155 961 386 1046 ὑπελθόντων,
405 964 595 1028 Ποπλιλίου
614 963 688 1040 υίὸς
706 961 752 1038 ώς
770 959 808 1026 ἐν
821 966 928 1047 πολλῇ
945 961 1181 1048 καταλειφθείς

156 1071 256 1157 πενίᾳ
285 1069 421 1134 δάνειον
447 1068 645 1153 ἠναγκάσθη
673 1070 791 1150 λαβεῖν
818 1069 866 1144 είς
893 1069 955 1152 τήν
981 1071 1093 1154 ταφήν
1119 1077 1180 1134 τοῦ

156 1177 291 1262 πατρός,
314 1176 359 1254 ὡς
382 1173 687 1261 ἐρανισθησόμενος
709 1174 776 1241 ὑπὸ
799 1185 867 1241 τών
890 1186 1073 1259 συγγενῶν.
1110 1176 1181 1241 δια-

155 1283 319 1363 ψευσθεὶς
349 1283 386 1348 δὲ
413 1291 472 1366 τῆς
499 1281 634 1359 ἐλπίδος
662 1281 797 1367 ἀπήχθη
825 1283 909 1368 πρὸς
935 1283 973 1348 τὸ
1001 1280 1097 1368 χρέος
1124 1291 1182 1366 τῆς
1200 1304 1226 1343 10
1263 1290 1277 1318 ·

157 1391 365 1476 προθεσμίας
392 1389 609 1474 διελθούσης,
636 1389 756 1474 κομιδή
785 1388 861 1466 νέος
887 1389 936 1454 ὢν
957 1389 1013 1454 καί
1039 1397 1080 1474 τή
1106 1388 1181 1468 ὄψει

157 1497 286 1583 ώραίος.
332 1491 431 1573 οὗτος
460 1495 501 1561 τά
530 1496 592 1579 μὲν
621 1497 705 1562 ἀλλα
731 1495 918 1582 ὑπηρετῶν,
948 1495 1011 1561 ὅσα
1038 1495 1182 1573 δούλους
1214 1495 1234 1558 2

53 1688 55 1692 ,
157 1604 334 1680 δεσπόταις
365 1605 468 1686 νόμος
498 1599 552 1688 ἠν,
583 1602 748 1688 ἠνείχετο,
779 1604 841 1688 τήν
871 1602 909 1668 δὲ
939 1611 1000 1668 τοῦ
1032 1602 1182 1685 σώματος

158 1711 250 1797 ὥραν
286 1712 491 1796 χαρίσασθαι
526 1712 744 1793 κελευόμενος
778 1709 956 1795 ἠγανάκτει
995 1709 1052 1776 καί
1087 1707 1182 1796 μέχρι

158 1819 282 1895 παντὸς
314 1815 506 1903 ἀπεμάχετο.
561 1819 686 1894 πολλάς
718 1817 756 1882 δὲ
787 1818 843 1882 διά
877 1826 975 1883 τοῦτο
1012 1819 1182 1902 μαστίγων
1201 1836 1226 1877 ιι

159 1925 271 2008 λαβὼν
289 1926 417 2009 πληγάς
440 1922 618 2010 ἐξέδραμεν
641 1925 689 2002 είς
711 1924 773 2008 τήν
797 1923 924 2009 ἀγορὰν
946 1923 1002 1990 καί
1025 1925 1104 2001 στάς
1127 1922 1182 1989 ἐπὶ

157 2032 323 2117 μετεώρου
347 2033 452 2116 τινός,
481 2028 567 2098 ἔνθα
590 2033 735 2108 πολλοὺς
758 2027 871 2112 ἔμελλε
893 2039 952 2113 τής
974 2029 1103 2114 ὕβρεως
1125 2033 1182 2114 λή-

157 2145 284 2219 ψεσθαι
319 2137 503 2224 μάρτυρας,
539 2141 601 2223 τήν
637 2134 665 2202 τ’
697 2137 880 2202 ἀκολασίαν
911 2145 971 2201 τοῦ
1004 2137 1181 2202 δανειστοῦ

158 2245 338 2329 διηγήσατο
361 2244 417 2309 καλ
439 2255 508 2310 τών
530 2246 701 2328 μαστίγων
718 2245 797 2322 τοὺς
819 2244 982 2326 μώλωπας
999 2240 1181 2321 ὑπέδειξεν.

76 2349 447 2436 εεεεάγανακτήσαντος
485 2350 523 2416 δδ
558 2359 619 2416 τοῦ
657 2352 764 2436 δήμου
801 2351 857 2416 καί
888 2351 1049 2434 δημοσίας
1080 2322 1227 2452 όργήςξδ0

158 2455 252 2536 ἀξιον
281 2456 493 2542 ἠγησαμένου
523 2459 561 2523 τὸ
591 2467 726 2543 πρᾶγμα
756 2457 826 2543 [καί
855 2459 916 2542 τήν
948 2455 1074 2543 κρίσιν]
1106 2479 1182 2522 κατ-

157 2565 374 2651 ηγορούντων
396 2565 459 2648 τήν
482 2564 694 2649 εἰσαγγελίαν
716 2575 784 2630 τῶν
803 2563 982 2650 δημάρχων
1005 2559 1096 2649 ώφλε
1119 2569 1182 2630 θα-

157 2672 261 2738 νάτου
280 2672 386 2756 δίκην.
428 2671 484 2736 καλ
503 2667 547 2736 δι’
563 2669 671 2738 ἐκεῖνο
690 2672 728 2737 τὸ
749 2671 860 2748 πάθος
882 2671 1026 2748 ἅπαντες
1048 2671 1081 2736 οί
1104 2671 1183 2736 δου-

230 2818 245 2867 ’ί
268 2809 390 2868 ποιτλίου
416 2811 518 2866 Ῥυτόν.
540 2813 570 2865 et
593 2811 707 2879 suidam
733 2811 901 2880 Dionysium
923 2807 1071 2864 τοιτλιλίου
1094 2810 1182 2878 scrip·

158 2883 227 2938 εἱεεε
251 2884 347 2938 Livius
366 2882 431 2936 VHI
451 2887 486 2937 28
509 2882 594 2937 docet
646 2879 709 2946 υίὸς
732 2880 771 2937 διν
795 2883 896 2938 Turon.
915 2879 978 2944 υλδς
996 2881 1033 2943 ὡς
1050 2881 1154 2935 Reiske
1176 2881 1179 2951 Ι

157 2955 351 3024 καταληφθείς
378 2953 480 3008 Turon.
512 2970 581 3008 corr.
637 2955 740 3008 alesius
822 2959 838 3008 8
866 2954 907 3016 εἰς
932 2953 984 3022 τήν
1010 2952 1105 3022 ταφήν
1132 2961 1181 3006 τοῦ

157 3022 263 3094 πατρὸς
287 3041 341 3082 om.
364 3025 465 3080 Suidan
545 3030 578 3079 21
602 3033 718 3096 πρᾶγμα
743 3025 792 3079 κοιλ
815 3025 866 3095 τήν
889 3022 981 3093 κρίσιν
1007 3023 1108 3078 Turon.
1132 3023 1181 3078 καί

157 3097 208 3166 τήν
236 3094 328 3163 κρίσιν
356 3114 409 3152 om.
433 3096 542 3151 Suidas.
579 3097 638 3150 Aut
661 3096 712 3166 τήν
738 3094 830 3164 κρίσιν
856 3098 907 3150 aut
931 3095 982 3164 τήν
1007 3093 1182 3165 εἰσαγγελίαν

158 3167 309 3222 delendum
334 3168 447 3222 videtur
472 3169 522 3222 aut
547 3167 572 3222 εἰ
597 3169 695 3222 tamen
716 3169 868 3237 utrumque
887 3169 1028 3221 servatum
1046 3166 1182 3232 volumus,

158 3239 278 3292 fortasse
301 3239 341 3292 εἰσ
364 3241 408 3293 est
430 3238 594 3309 legendum:
620 3239 669 3293 καλ
692 3239 837 3309 είσαχθελς
861 3238 901 3300 είς
925 3238 976 3307 τήν
1001 3235 1094 3306 κρίσιν
1117 3258 1182 3291 κατ-

158 3309 336 3378 ηγορούντων
354 3319 410 3365 τῶν
429 3310 579 3380 δημάρχων
597 3311 648 3380 τήκ
666 3309 729 3364 είσα
746 3307 849 3379 γελίαν.
878 3309 975 3377 διλοδς,
993 3304 1068 3378 ὦφλε
1088 3307 1182 3363 θανά-

158 3398 208 3434 του
227 3377 310 3449 δίκην
334 3380 437 3436 Βεὶελιε
460 3389 575 3452 πρᾶγμα
594 3381 695 3452 ἀχθεὶς
713 3331 753 3444 εἴς
770 3381 821 3451 τήν
840 3378 932 3449 κρίσιν
951 3379 1182 3451 κατηγορούντων

158 3450 302 3521 Kiessling
320 3451 369 3505 καί
386 3451 438 3522 τήν
456 3450 549 3521 κρίσιν
569 3469 632 3507 cum
652 3452 741 3506 διεῖδε
760 3452 851 3507 delevi
