2668 3922
167 211 234 277 204
587 239 621 248 -
658 212 699 263 Μ
735 239 769 248 -

168 336 306 419 σάμενοι
337 339 558 421 παρακλήσεις
592 336 735 421 πρώτοις
771 331 946 400 ἀπέδωκαν
978 334 1088 419 λέγειν
1119 345 1190 413 τοῖς

128 442 441 528 2εἰσηγησαμένοις
468 443 648 529 δημάρχοις
674 443 734 508 τὸν
761 443 875 524 νόμον.
924 442 980 507 καί
1008 443 1190 528 παρελθὼν
1316 457 1318 470 ’

168 543 216 626 εἰς
244 548 277 627 ἐξ
306 549 417 616 αὐτῶν
441 550 541 626 Γάϊος
563 552 753 634 Κανοληιος
778 549 856 633 περί
882 548 944 630 μέν
970 557 1031 614 τοῦ
1059 549 1191 614 δίκαιον
1318 543 1319 572 ³

168 657 189 740 ἢ
220 655 435 742 συμφέροντα
467 651 554 723 εἰναι
584 658 645 722 τὸν
676 659 783 739 νόμον
814 655 884 722 οὔτ’
909 654 1084 722 ἐδίδασκεν
1115 653 1186 722 οὔτ’

138 762 344 848 εέμέμνητο·
371 764 556 846 θαυμάζειν
583 760 614 828 δ’
633 761 697 848 ἔφη
724 773 792 829 τῶν
819 762 966 847 ὑπάτων,
993 763 1045 828 δτι
1071 765 1192 847 βεβου-

170 871 325 954 λευμένοι
352 893 387 936 τε
414 871 470 936 καί
496 873 682 957 κεκρικότες
708 871 772 954 ἤδη
799 871 882 935 κατὰ
909 878 997 955 σφᾶς
1020 870 1143 946 αὐτοὺς
1170 869 1192 934 ἀ

171 979 223 1043 δεί
249 978 417 1064 πράττειν,
444 978 555 1062 ὥσπερ
584 974 807 1060 ἀδοκίμαστον
830 986 965 1063 πρᾶγμα
988 977 1044 1042 καί
1066 980 1193 1061 βουλῆς
1320 970 1321 1002 ἰ

171 1085 332 1167 δεόμενον
355 1086 403 1162 εἰς
425 1087 462 1150 τὸ
486 1085 667 1170 συνέδριον
689 1083 906 1169 ἐπεχείρησαν
929 1085 1110 1170 εἰσφέρειν,
1136 1085 1274 1151 καίεεεσ

171 1193 273 1276 λόγον
310 1190 485 1258 ἀπέδωκαν
522 1191 608 1277 ὑπὲρ
648 1192 753 1257 αὐτοῦ
794 1201 864 1268 τοίς
904 1191 1192 1277 προαιρουμένοις,
1321 1214 1322 1242 ι

126 1320 152 1360 ιο
171 1301 345 1386 εἰρωνείαν
369 1299 558 1383 εἰσάγοντες
580 1300 657 1364 οὔτε
678 1309 750 1376 ταῖς
768 1297 896 1364 ἑαυτῶν
912 1300 1055 1383 ἡλικίαις
1073 1298 1193 1384 ἁρμότ-

170 1423 306 1491 τουσαν,
346 1407 423 1472 οάτε
461 1415 506 1494 τῷ
543 1406 679 1490 μεγέθει
714 1415 771 1489 τῆς
808 1403 912 1491 ἀρχῆς
947 1410 1192 1492 προσήκουσαν.

131 1511 151 1575 3
171 1525 329 1600 πονηρῶν
357 1513 385 1578 τ’
407 1513 510 1599 ἀργὰς
537 1510 601 1598 ἔφη
629 1513 878 1595 πολιτευμάτων
902 1513 1024 1590 αὐτοὺς
1047 1514 1193 1597 εἰσάγειν

173 1618 344 1706 ἀπόρρητα
374 1623 596 1704 βουλευτήρια
626 1620 833 1704 συνάγοντας
863 1618 900 1686 ἐν
932 1621 1031 1698 ἰδίαις
1063 1621 1193 1704 οἰκίαις,

172 1727 228 1792 καὶ
260 1725 334 1792 οὐδ’
361 1727 508 1803 ἅπαντας
539 1729 617 1804 τοὺς
649 1729 833 1809 βουλευτὰς
867 1728 914 1804 εἰς
949 1735 1053 1792 ταῦτα
1089 1749 1193 1813 παρα-

128 1851 153 1892 ιι
172 1838 371 1917 καλοῦντας,
399 1830 484 1898 ἀλλά
510 1837 589 1912 τοὺς
617 1835 736 1919 σφίσιν
759 1834 873 1911 αὐτοῖς
899 1832 1192 1918 ἐπιτηδειοτάτους.

172 1951 240 2006 τῶν
268 1939 329 2024 μλν
358 1934 422 2005 οάν
445 1941 555 2006 ἀλλων
578 1940 752 2027 συνέδρων
774 1952 842 2006 τῶν
870 1938 1108 2007 ἀπελαθέντων
1135 1948 1194 2026 τῆς

172 2048 376 2114 κατοικιδίου
400 2050 525 2133 βουλῆς
546 2043 646 2132 ἦττον
669 2045 734 2133 ἔφη
759 2049 953 2132 θαυμάζειν,
982 2048 1127 2132 Μάρκον
1156 2048 1195 2114 δὲ

169 2153 321 2241 Ὁρατίου
353 2155 409 2220 καί
441 2157 586 2221 Λευκίου
622 2155 807 2242 Οὐαλερίου
837 2167 905 2221 τῶν
936 2155 1195 2221 καταλυσάντων

172 2264 234 2347 τὴν
257 2262 462 2349 ὀλιγαρχίαν,
489 2262 660 2328 ὑπατικῶν
688 2259 902 2348 ἀνδρῶνκαὶ
929 2263 1068 2340 οὐδενὸς
1093 2259 1195 2347 ἦττον

128 2389 154 2430 ιο
173 2369 369 2454 ἐπιτηδείων
391 2371 432 2434 τὰ
454 2372 550 2436 κοινὰ
573 2370 759 2454 βουλεύειν,
782 2371 844 2455 την
865 2369 1048 2448 ἀπαξίωσιν
1066 2378 1125 2455 τῆς
1147 2371 1195 2447 εἰς

173 2478 210 2542 τὸ
230 2476 410 2562 συνέδριον
428 2481 662 2563 παρακλήσεως
683 2477 926 2562 ἐκπεπλῆχθαι,
949 2477 1005 2542 καί
1028 2477 1069 2542 οὐ
1093 2477 1194 2542 δύνα-

175 2589 257 2648 σθαι
287 2583 490 2666 συμβάλλειν
520 2582 574 2650 έιιί
603 2587 670 2650 τίνι
700 2582 788 2671 λόγῳ
821 2585 953 2672 δικαίφ,
985 2585 1125 2664 εἰκάζειν
1157 2583 1195 2649 δί

174 2691 254 2772 μίαν
291 2690 411 2774 αἰτίαν,
449 2691 499 2755 ὅτι
535 2693 684 2778 πονηράς
719 2693 774 2758 καί
811 2691 1028 2777 ἀσυμφόρους
1062 2691 1195 2775 γνώμας

175 2797 384 2881 εἰσηγεῖσθαι
406 2796 581 2879 μέλλοντες
603 2801 686 2864 κατὰ
709 2810 776 2865 τῶν
800 2800 987 2884 δημοτικῶν
1010 2797 1071 2863 οὐκ
1099 2795 1195 2880 ἐβού-

130 2922 155 2963 ιι
175 2909 274 2971 λοντο
301 2909 504 2990 παρακαλεῖν
532 2906 579 2983 εἰς
607 2915 710 2972 ταῦτα
738 2908 779 2972 τά
806 2905 967 2990 συνέδρια
993 2907 1072 2982 τοὺς
1100 2910 1195 2989 φιλο·

176 3012 395 3097 δημοτάτους,
432 3008 722 3098 ἀγανακτήσοντας
754 3009 911 3098 δηλονότι
941 3012 997 3078 καί
1029 3013 1070 3076 οὐ
1103 3032 1195 3096 περι-

248 3191 263 3240 8
282 3187 383 3244 Κάτων
403 3188 554 3258 Κενολήιος
575 3188 597 3243 Ο
621 3206 690 3244 corr.
712 3188 834 3259 Sylburg
856 3186 971 3243 Καίσων
990 3187 1147 3256 Κανολήιος
1170 3203 1193 3240 ο.

176 3257 318 3328 Kiessling
342 3258 444 3314 Κάτων
469 3260 539 3314 mihi
565 3261 678 3329 quidem
704 3277 739 3314 ex
763 3260 856 3315 αὐτῶν
881 3262 974 3314 ortum
997 3259 1110 3313 videtur
1134 3273 1196 3312 οεεε

177 3329 211 3382 cf.
232 3345 255 3382 ο.
275 3335 347 3397 68,1
427 3337 442 3385 9
468 3329 711 3404 προαιρουμένοις]
740 3329 1027 3400 προσεταιριζομένοις
1052 3346 1075 3386 ο.
1099 3328 1197 3384 Naber

176 3398 310 3526 Mgeffis.
330 3405 372 3469 80,
388 3407 440 3456 258
513 3408 546 3458 22
571 3405 636 3472 post
661 3400 762 3475 δικαίην
789 3402 884 3457 deesse
910 3400 1055 3472 γεγένηται
1079 3401 1195 3456 Βείεἰτὶο

176 3491 203 3525 v1
225 3489 240 3526 ο
