2668 3922
563 256 597 264 -
635 230 675 281 IA
712 257 745 265 -
1101 229 1165 296 189

170 399 172 403 -
217 355 289 420 ἀλλ’
310 355 395 441 ὑπὲρ
418 365 486 419 τῶν
508 351 695 435 Ῥωμαϊκῶν
717 355 841 438 νόμων,
869 353 928 432 οὓς
950 352 988 420 ἐν
1010 363 1082 431 ταῖς
1106 354 1169 419 δώ·

144 465 224 528 δεκα
254 461 381 540 δέλτοις
412 459 724 547 ἀναγεγραμμένους
754 459 905 548 εὕρομεν,
935 462 1013 526 οὔτε
1042 461 1168 545 μηδένα

143 574 349 654 ποιησασθοιι
379 570 482 652 λόγον
510 569 683 653 ἥρμοττεν,
711 567 798 633 οὕτω
827 579 959 652 σεμνῶν
982 569 1090 634 ὄντων
1113 568 1169 633 καί

62 695 132 744 22⁷3
142 677 310 760 τοσαύτην
350 673 496 760 ἐχόντων
537 675 705 761 διαφοράν
746 677 835 761 παρὰ
875 677 933 752 τὰς
974 673 1169 760 Ἑλληνικάς

143 785 360 866 νομοθεσίας,
393 783 470 848 οὔτε
501 781 683 868 περαιτέρω
713 791 773 848 τοῦ
804 782 939 860 δέοντος
971 784 1167 868 προβαίνειν
1201 802 1213 843 ι

143 889 391 974 ἐκμηκύναντας
413 891 475 974 τὴν
498 890 574 976 περί
597 890 708 955 αὐτῶν
734 891 891 976 ἱστορίαν.

213 997 377 1064 XXXXV.
411 998 453 1062 Οί
476 996 514 1062 δὲ
536 998 617 1078 μετά
639 998 701 1081 την
723 979 905 1062 κατάλυσιν
928 1006 986 1080 τῆς
1009 996 1168 1082 δεκαδαρ-

142 1107 215 1190 χίας
254 1107 315 1189 την
353 1103 483 1169 ὕπατον
522 1102 628 1188 ἀρχὴν
666 1114 791 1189 πρῶτοι
830 1105 920 1190 παρὰ
960 1113 1020 1169 τοῦ
1060 1104 1167 1188 δήμου

142 1215 302 1296 λαβόντες
334 1209 389 1277 ἐπί
420 1221 478 1296 τῆς
510 1210 675 1294 λοχίτιδος
707 1209 895 1296 ἐκκλησίας,
927 1211 1038 1296 ὥσπερ
1071 1207 1167 1296 ἐφην,

141 1320 284 1397 Λεύκιος
328 1317 510 1403 Οὐαλέριος
552 1321 695 1394 Ποτῖτος
739 1319 795 1383 καί
838 1318 979 1404 Μάρκος
1020 1315 1167 1402 Ὁράτιος
1187 1337 1213 1378 ιο

142 1429 330 1512 Βαρβᾶτος,
361 1425 458 1490 αὐτοί
485 1448 521 1490 τε
551 1425 723 1509 δημοτικοί
752 1426 810 1502 τὰς
840 1425 959 1511 φάσεις
988 1425 1082 1502 δντες
1111 1423 1168 1488 καί

142 1533 232 1618 παρά
260 1543 328 1597 τῶν
357 1534 534 1618 προγόνων
563 1532 688 1617 ταύτην
719 1531 968 1616 διαδεδεγμένοι
989 1533 1051 1616 την
1074 1536 1167 1596 πολι-

143 1641 245 1722 τείαν,
263 1640 322 1716 τὰς
339 1637 534 1724 ὑποσχέσεις
553 1639 791 1724 φυλάττοντες,
810 1639 848 1718 δίς
867 1639 1065 1724 ἐκομίσαντο
1084 1639 1167 1724 πρὸς

143 1747 222 1822 τοὺς
252 1745 463 1831 δημοτικούς,
492 1743 539 1812 ὅτ’
566 1745 759 1812 ἀποθέσθαι
785 1748 826 1812 τά
854 1747 940 1814 ὅπλα
963 1746 1168 1813 συνέπειθον

144 1852 280 1936 αὐτούς,
304 1853 348 1930 ὡς
368 1854 478 1919 πάντα
500 1855 541 1919 τδι
564 1853 779 1941 συμφέροντα
799 1865 844 1941 τῷ
864 1855 956 1942 δημςο
975 1855 1168 1920 πολιτευσό-
1186 1871 1212 1913 ιι
1327 1853 1328 1888 ³

142 1983 252 2044 μενοι,
279 1962 404 2043 νόμους
434 1959 606 2047 ἐκύρωσαν
633 1961 671 2028 ἐν
699 1960 886 2046 ἐκκλησίαις
909 1964 1064 2046 λοχίτισι,
1087 1960 1168 2026 δυσ-

142 2071 366 2153 χεραινόντων
393 2068 455 2151 μὲν
482 2079 549 2134 τῶν
574 2071 767 2154 πατρικίων,
792 2067 1001 2151 αἰδουμένων
1024 2067 1056 2132 δ’
1078 2067 1168 2132 άντι-

142 2174 263 2260 λέγειν,
293 2177 415 2252 άλλους
444 2175 482 2241 τέ
509 2198 616 2260 τινας,
644 2175 704 2252 οὓς
727 2175 767 2240 οὐ
792 2174 908 2258 δέομαι
930 2175 1084 2260 γράφειν,
1111 2174 1168 2238 καί

141 2284 202 2347 τὸν
231 2283 410 2347 κελεύοντα
438 2285 518 2358 τοὺς
544 2281 611 2346 ὑπὸ
639 2290 700 2346 τοῦ
723 2283 830 2367 δήμου
853 2281 1013 2357 τεθέντας
1035 2278 1073 2345 ἐν
1095 2289 1167 2356 ταίς

143 2394 336 2475 φυλετικοῖς
360 2387 546 2472 ἐκκλησίαις
569 2391 694 2472 νόμους
716 2389 819 2454 ἅπασι
841 2395 975 2454 κεῖσθαι
999 2385 1167 2470 Ῥωμαίοις
1184 2408 1212 2450 ιο

142 2495 175 2574 ἐξ
209 2497 300 2580 ἴσου,
336 2497 398 2580 την
431 2495 536 2580 αὐτην
569 2493 704 2580 ἔχοντας
737 2495 882 2579 δύναμιν
915 2505 985 2572 τοῖς
1021 2493 1058 2561 ἐν
1094 2505 1167 2572 ταῖς

142 2593 305 2689 λοχίτισιν
328 2601 514 2687 ἐκκλησίαις
536 2602 782 2688 τεθησομένοις.
827 2606 980 2690 τιμωρίαι
1003 2602 1041 2668 δέ
1063 2619 1166 2688 προσ-

143 2711 268 2777 έκειντο
298 2719 367 2787 τοίς
396 2711 620 2776 καταλύουσιν
648 2709 667 2794 ἢ
696 2713 942 2797 παραβαίνουσι
966 2711 1027 2776 τὸν
1048 2714 1165 2793 νόμον,

60 2815 201 2887 κιιεέδιν
231 2817 350 2902 άλῶσι,
379 2818 528 2894 θάνατος
553 2817 609 2882 καί
637 2817 795 2902 δήμευσις
817 2827 875 2902 τῆς
898 2817 1022 2894 οὐσίας.
1068 2811 1206 2892 οὗτος2
1275 2901 1277 2906 Ι

143 2923 161 2988 ὁ
184 2926 286 3007 νόμος
308 2923 441 3008 ἐξέβαλε
463 2925 522 3002 τὰς
545 2923 805 3010 ἀμφισβητήσεις
823 2935 892 2990 τῶν
910 2925 1103 3007 πατρικίων,
1126 2921 1166 2999 δς
1184 2943 1212 2983 ιι

143 3029 317 3096 ἐποιοῦντο
341 3033 425 3118 πρὸς
446 3033 526 3108 τοὺς
544 3031 742 3114 δημοτικοὺς
759 3033 934 3118 πρότερον,
953 3029 1015 3095 οὐκ
1034 3027 1165 3107 ἀξιοῦν-

142 3205 195 3260 bus
213 3205 293 3260 libris
311 3207 414 3262 lacuna
433 3207 572 3276 aequitum
591 3207 639 3262 fol.
656 3213 706 3262 38⁷
725 3207 810 3263 inane
829 3209 885 3274 θεὴ
903 3207 934 3260 in
949 3207 971 3259 L
988 3207 1056 3260 nota
1073 3207 1165 3260 exstat

143 3275 230 3331 λείπει
249 3279 339 3346 φύλλα
357 3279 389 3350 β,
408 3295 493 3348 quam
512 3279 657 3347 excipiunt
674 3277 760 3334 verba,
778 3278 826 3334 fol.
843 3283 894 3332 388
915 3276 1003 3347 μηδὲν
1022 3277 1053 3332 δὲ
1071 3277 1165 3332 αὐτῶν

143 3365 204 3417 τερ.
220 3353 254 3402 52
270 3365 359 3418 usque
374 3351 411 3403 οδ
425 3351 508 3404 finem
522 3349 602 3418 libri;
617 3351 745 3405 ordinem
760 3349 882 3419 Sylburg
895 3348 1021 3406 restituit
1082 3355 1098 3403 3
1116 3347 1165 3418 ἤρ-

142 3439 242 3491 μοττον
270 3419 318 3474 LV
402 3427 417 3475 ’ί
451 3423 537 3490 δεκαρ
557 3419 602 3484 ίας
630 3421 652 3476 O
686 3439 754 3476 corr.
783 3420 939 3474 Ambrosch
968 3420 1005 3474 ad
1031 3420 1057 3474 ΙΙ
1084 3426 1125 3486 14,
1147 3425 1165 3473 4

143 3498 177 3547 18
196 3489 285 3563 λέγειν
303 3492 349 3546 La
371 3491 492 3562 γράφειν
510 3442 586 3548 ΙιδΙδ
659 3498 692 3547 22
711 3490 874 3562 προέκειντο
893 3509 916 3547 ο.
933 3489 1055 3562 Sylburg
