2662 3920
585 222 740 272 -1-
1128 222 1171 287 65

149 343 193 412 δι’
216 343 295 431 ὅλης
321 346 443 433 ἡμέρας
472 345 573 412 οὐδὲν
600 343 775 430 ἐξήνεγκεν
802 347 822 429 η
851 347 957 430 βουλὴ
980 345 1088 430 τέλος,
1117 347 1172 412 ἵνα

148 457 228 538 μήτε
255 455 317 540 τὴν
344 463 411 519 τῶν
437 451 575 522 ὑπάτων
603 451 708 538 ιἰρχην
737 453 886 535 μειώσειε
913 455 993 537 μήτε
1020 455 1172 538 τὴντῶν

149 561 337 646 δημάρχων,
365 559 521 647 ἑκάτερον
549 559 660 647 δρῶσα
687 559 840 646 μεγάλων
867 559 1037 626 κινδύνων
1065 559 1172 624 αἴτιον

149 665 318 751 ἐσόμενον.

220 773 352 840 XXXV.
368 770 460 838 Ἐπεὶ
482 773 520 840 δὲ
537 770 697 840 κάκεῖθεν
717 771 941 859 ἀπηλάθησαν
959 775 993 840 οί
1011 775 1173 859 δήμαρχοι
1205 793 1216 833 ι

149 884 313 966 βοήθειαν
342 877 503 963 οὑδεμίαν
535 878 725 966 εὑρόμενοι,
758 878 924 947 ἐσκόπουν
957 875 1058 957 αὖθις
1090 877 1110 944 δ
1141 903 1173 947 τι

148 991 211 1073 χρὴ
234 997 344 1054 ποιεῖν
367 989 415 1064 εἰς
438 987 498 1052 τὸν
522 987 628 1071 δῆμον
652 985 858 1073 ἀφικόμενοι
900 985 1003 1064 ἐνίοις
1025 987 1086 1070 μὲν
1110 982 1173 1053 οὖν

149 1093 258 1162 ἐδόκει
280 1095 336 1160 καλ
354 1095 495 1177 μάλιστα
514 1103 584 1171 τοῖς
601 1093 903 1180 ταραχωδεστάτοις
922 1094 1054 1160 ἀπιέναι
1072 1094 1173 1160 πάλιν

149 1201 186 1268 ἐκ
208 1212 266 1288 τῆς
284 1199 412 1278 πόλεως
428 1204 508 1278 τοὺς
527 1201 725 1285 δημοτικοὺς
747 1203 788 1268 τά
811 1197 898 1268 ὅπλα
921 1199 1173 1284 ἀναλαμβάνον-

66 1327 139 1376 2083
148 1333 206 1386 τας
230 1310 277 1385 εἰς
299 1310 337 1374 τὸ
363 1309 455 1394 ἱερὸν
477 1309 570 1394 ὅρος,
602 1305 687 1374 ἔνθα
714 1309 771 1374 καί
797 1309 835 1374 τὸ
863 1318 997 1394 πρῶτον
1020 1305 1173 1394 ἐστρατο-
1192 1329 1217 1368 ιο

149 1416 370 1499 πεδεόσαντο,
410 1415 466 1480 καῖ
507 1416 567 1482 τὸν
608 1412 755 1498 πόλεμον
791 1413 924 1481 ἐκεῖθεν
962 1414 1174 1500 ὁρμωμένους

150 1531 260 1588 ποιεῖν
292 1523 374 1607 πρὸς
406 1524 485 1598 τοὺς
517 1524 724 1608 πατρικίους,
762 1519 875 1606 ἐπειδὴ
911 1523 970 1599 τάς
1001 1525 1174 1606 συνθηκας

151 1625 275 1693 ’έλυσαν
297 1626 419 1694 ἐκεῖνοι
441 1630 500 1705 τάς
522 1629 703 1712 γενομένας
726 1625 841 1707 αὑτοῖς
863 1631 946 1716 πρὸς
968 1631 1029 1694 τὸν
1056 1629 1173 1713 δῆμον,

150 1735 370 1812 καταλύοντες
392 1737 454 1820 την
475 1736 681 1822 δημαρχικὴν
704 1735 859 1815 ἐξουσίαν
881 1735 918 1802 ἐκ
935 1745 995 1802 τοῦ
1015 1745 1173 1822 φανεροῦ.

150 1851 220 1918 τοῖς
252 1841 290 1908 δὲ
321 1844 472 1910 πλείοσιν
504 1841 612 1909 ἐδόκει
643 1845 686 1928 μη
719 1854 931 1931 παραχωρεῖν
957 1849 1016 1928 τῆς
1047 1841 1174 1920 πόλεως

150 1948 233 2032 μηδὲ
261 1951 358 2015 κοινά
387 1950 523 2016 πάντων
550 1948 737 2036 ἐγκλήματα
763 1961 884 2034 ποιεῖν,
914 1949 999 2037 ὑπὲρ
1027 1944 1075 2016 ὧν
1105 1951 1173 2037 ἰδίᾳ

150 2056 238 2133 τινὲς
265 2058 312 2134 είς
339 2059 418 2134 τοὺς
446 2058 635 2144 δημάρχους
663 2054 909 2143 παρενόμησαν,
939 2055 999 2122 ἐάν
1025 2059 1066 2122 τά
1094 2072 1173 2140 συχ-

149 2163 360 2249 κεχωρημένα
382 2175 453 2242 τοῖς
475 2165 590 2247 νόμοις
614 2164 838 2247 λαμβάνωσιν,
869 2165 904 2228 οῖ
928 2163 1125 2228 κελεύουσιν
1151 2163 1171 2246 ἢ

149 2272 299 2356 ποκνην
321 2272 454 2349 τίν>ειν
476 2271 497 2355 ἢ
521 2271 683 2336 τεθνάναι
710 2273 789 2347 τοὺς
815 2268 1020 2354 ὑβρίσαντας
1042 2271 1083 2334 τά
1105 2281 1172 2336 τῶν

142 2376 328 2462 δημάρχων
361 2377 501 2460 σώματα.
556 2387 626 2453 τοῖς
662 2377 700 2442 δὲ
736 2375 960 2463 χαριεστέρως
996 2374 1173 2462 οὐδέτερον
1191 2397 1218 2438 ιο

149 2483 283 2550 τούτων,
297 2481 452 2568 ἐφαίνετο
476 2489 583 2561 καλῶς
606 2481 704 2569 ἐχειν,
728 2484 805 2548 οὔτε
828 2485 890 2568 την
908 2479 1008 2548 πόλιν
1027 2481 1173 2549 ἐκλιπεῖν

151 2590 227 2654 οὑτε
251 2587 361 2675 φόνον
384 2589 521 2676 άκριτον
543 2589 716 2673 ἐπιτελεῖν,
742 2590 798 2655 καί
823 2598 927 2655 ταῦτα
948 2587 1095 2673 ὑπάτων,
1123 2581 1173 2667 οἷς

70 2697 170 2778 νοειὴ
197 2699 334 2781 μεγίστη
361 2695 515 2766 ὑπέκειτο
544 2695 643 2784 άρχη,
671 2694 743 2763 ἀλλ’
769 2698 816 2773 εἰς
843 2699 922 2774 τοὺς
952 2698 1139 2780 συναμωνιζ
1159 2735 1172 2743 -

1192 1815 1212 1879 2

1192 1903 1217 1943 15

222 2914 239 2962 8
258 2909 374 2964 ἀπεῖναι
391 2909 444 2963 AB
524 2915 556 2964 16
575 2909 644 2980 μηδὲ
663 2909 699 2964 τά
717 2908 801 2964 κοινά
819 2908 933 2964 πάντων
952 2910 977 2962 Α
1000 2908 1069 2978 μηδὲ
1089 2907 1172 2962 κοινά

150 2977 244 3034 πάντα
268 2979 303 3035 τά
326 2979 349 3034 Β
428 2987 460 3035 17
486 2978 744 3066 παρ<η>νόμησαν
768 2979 815 3034 Bb
842 2976 1046 3050 παρηνόμησαν
1069 2979 1095 3032 Β,
1122 2979 1172 3034 sed
1200 3008 1202 3012 ·

150 3048 348 3121 παρενόμησαν
368 3051 497 3106 omnibus
516 3052 585 3106 loc1s
605 3045 784 3108 scribendum
803 3054 858 3120 εει;
878 3051 913 3105 of.
928 3049 967 3104 VI
987 3056 1059 3116 7⁷,2
1084 3049 1172 3105 Cobet

152 3120 216 3176 Oba.
235 3129 295 3192 με
339 3123 403 3196 ἐὰν]
424 3122 518 3214 όέδιν>
537 3124 584 3177 Bb
609 3124 678 3178 ἀλλά
696 3125 722 3177 Β,
783 3129 816 3177 18
834 3131 893 3184 τοῖς
911 3119 1008 3192 νόμοις
1026 3139 1080 3176 om.
1095 3121 1172 3174 ABa

151 3192 216 3246 add.
234 3193 282 3248 Bb
354 3195 586 3286 Zaufloev<w2m
609 3194 632 3248 B
660 3193 850 3321 Zapgdvovaw
873 3195 899 3247 R
932 3194 936 3265 λ
971 3191 985 3247 δ
1009 3195 1035 3246 A
1062 3193 1089 3247 οἳ
1113 3193 1135 3246 Β
1167 3194 1169 3264 ᾗ

150 3266 330 3321 *κελεύωσιν
353 3265 370 3336 ἢ
393 3275 486 3322 ποιεῖν
508 3287 526 3336 η
549 3264 688 3322 τεθνάναι
761 3266 904 3322 κελεύουσι
929 3264 1043 3333 νηποινὶ
1067 3263 1172 3318 τεθνά-

151 3355 200 3391 ναι
221 3336 403 3392 casaubonus
423 3338 585 3393 κελεύουσιν
604 3336 622 3408 ἢ
639 3337 770 3410 ποκνην
788 3334 902 3410 τίν>ειν
921 3334 939 3405 ἢ
957 3335 1096 3391 τεθνάναι
1119 3352 1171 3404 ego

152 3412 185 3461 19
204 3406 373 3479 ὑβρίσαντας
391 3409 431 3471 εἰς
450 3408 537 3465 Cobet
557 3409 622 3464 Obs.
641 3427 668 3482 p.
686 3413 736 3464 196
792 3414 825 3462 21
846 3407 968 3462 ἐκλιπεῖν
988 3406 1010 3461 Ο
1035 3403 1171 3460 ἐκλείπειν

151 3479 253 3534 Garrer
272 3479 336 3534 obs.
356 3498 383 3549 p.
399 3486 432 3534 57

208 3591 433 3636 mosali-mlv.
448 3591 605 3636 παῖιοοεε.
994 3594 1009 3641 5
