2662 3920
588 208 745 256 -Ι-
1131 209 1173 272 31

155 353 229 411 μοις
256 323 358 414 είχον,
386 330 526 412 οὐδεμία
552 330 667 414 όνησις
695 331 778 416 πρὸς
805 331 946 417 ὀρθίους
970 331 1176 415 βιαζομένοις

155 435 288 513 σκοπός.
334 437 462 522 οὐγὰρ
486 437 656 521 συστάδην
678 437 884 523 μαχομένους
908 435 975 504 ἔδει
992 435 1035 504 ’τό
1063 439 1176 505 εότολ-

154 567 219 626 μον
259 544 315 608 καλ
359 545 555 630 καρτερικὸν
597 543 874 628 ἀποδείξασθαι,
897 544 968 610 ἀλλ’
1004 544 1176 630 ἑκηβόλοις

154 657 302 736 χρῆσθαι
332 652 458 736 μάχαις.
508 647 595 735 ήσαν
621 651 659 716 δὲ
686 662 754 717 τῶν
781 652 842 734 μέν
869 651 1022 717 κάτωθεν
1050 651 1104 718 ἐπὶ
1135 654 1214 718 τὰ6

154 757 300 843 μετέωρα
336 757 551 841 βαλλομένων
587 759 743 842 βραόεῑαί
776 782 812 823 τε
847 759 903 824 καί
940 757 1109 843 ἀσθενεῖς,
1146 761 1176 824 εί
1208 781 1220 821 ε
1291 779 1296 791 ·

154 865 210 929 καλ
245 866 388 949 τύχοιεν,
425 866 535 951 ὥσπερ
573 866 674 949 εἰκός,
712 866 747 930 αλ
782 867 917 949 πληγαί·
953 876 1021 930 τῶν
1053 865 1083 930 θ’
1115 865 1172 950 ἀφ’

154 971 263 1051 ὕψους
294 973 384 1038 κοίτω.
414 971 644 1058 ῥιπτουμένων
677 970 779 1050 ὀξεῖαι
812 973 868 1037 καλ
903 973 1059 1058 καρτεραὶ
1096 989 1176 1038 συν-

155 1080 346 1163 εργούντων
374 1089 445 1156 τοῖς
473 1082 618 1164 βλήμασι
647 1079 702 1144 καί
731 1089 799 1144 τῶν
833 1079 929 1144 ἰδίων
958 1082 1080 1164 βαρῶν.
1134 1081 1175 1145 οὐ

154 1187 220 1270 μήν
238 1183 382 1269 ἔκαμνόν
399 1211 438 1271 γε
461 1187 494 1252 οἱ
517 1186 784 1273 προσβάλλοντες
805 1196 875 1264 τοῖς
897 1185 1070 1271 ἐρύμασιν,
1093 1186 1176 1252 ἀλλὰ

155 1293 390 1380 διεκαρτέρουν
418 1294 731 1379 ἀναγκοφαγοῦντες
757 1295 798 1358 τὰ
826 1294 920 1358 δεινὰ
948 1295 1024 1360 οὔτε
1053 1294 1176 1380 ήμέρας
1194 1317 1220 1354 ιο

155 1401 231 1465 οότε
254 1402 375 1478 νυκτὸς
403 1401 649 1483 ἀναπαυόμενοι
676 1410 744 1466 τῶν
771 1402 894 1466 πόνων.
939 1401 1032 1479 τέλος
1060 1400 1090 1465 δ’
1113 1396 1176 1466 οὖν

154 1507 389 1572 ὑπολιπόντων
424 1511 503 1584 τοὺς
539 1506 843 1591 πολιορκουμένους
878 1518 947 1573 τῶν
980 1511 1089 1591 βελῶν
1120 1509 1175 1574 καὶ

154 1624 222 1678 των
267 1614 428 1696 σωμάτων
472 1612 766 1692 έξαόυνατοόντων
811 1617 905 1704 τρίτη
948 1617 988 1680 τὰ
1029 1617 1175 1701 φρούρια

155 1718 431 1806 ἐξεπολιόρκησαν
461 1720 576 1810 ἡμέρα.
632 1720 670 1786 έν
705 1721 808 1811 ταύτῃ
839 1729 879 1807 τῇ
911 1721 998 1812 μάχη
1029 1724 1213 1800 πολλοὺςί

151 1824 301 1908 Ῥωμαῖοι
336 1828 392 1894 καλ
428 1827 579 1912 ἀγαθοὺς
615 1827 739 1912 ὀίνόρας
779 1827 958 1912 ἀπέβαλον,
998 1829 1174 1915 κράτιστον
1194 1850 1219 1890 ιι

154 1934 206 2017 δέ,
233 1934 344 2018 ὥσπερ
371 1935 455 2020 πρὸς
478 1935 634 2000 ἁπάντων
657 1935 863 2019 ὡμολόγητο,
886 1937 946 2000 τὸν
969 1934 1110 2000 ὕπατον·
1138 1935 1174 2012 ὃς

154 2041 215 2105 οὐκ
247 2040 343 2124 ὀλίγα
374 2042 545 2126 τραύματα
576 2041 690 2124 λαβὼν
722 2038 795 2106 οὐδ’
827 2041 872 2119 ὣς
908 2042 1070 2128 ἀφίστατο
1107 2053 1174 2106 τῶν
1255 2103 1258 2108 .

72 2148 285 2230 203οὀεινῶν,
315 2147 376 2226 ἕως
405 2147 655 2235 έπικαταραγείς
683 2148 771 2233 αὐτῷ
799 2147 918 2232 πέτρος
944 2148 1174 2233 ὑπερμεγέθης

153 2253 360 2336 έπιβαίνοντι
395 2264 456 2320 τοῦ
492 2257 775 2340 περιτειχίσματος
810 2255 876 2336 ἅμα
911 2259 973 2340 τήν
1009 2278 1044 2320 τε
1076 2257 1174 2340 νίκην

153 2362 257 2426 αὐτὸν
285 2361 438 2444 ἀφείλετο
461 2363 517 2428 καί
541 2364 603 2446 τήν
625 2365 746 2445 ψυχήν.
792 2361 1018 2443 ἁλισκομένων
1042 2361 1080 2427 δὲ
1107 2373 1173 2428 τῶν
1192 2385 1218 2425 εο

153 2470 328 2554 φρουρίων
347 2467 365 2534 ὀ
384 2469 445 2551 μὲν
455 2466 635 2554 Ἑρόοἰνιος
648 2506 693 2533 -,
706 2464 749 2551 ήν
763 2469 826 2552 γὰρ
840 2469 896 2533 καλ
914 2469 1006 2563 ῥώμη
1025 2469 1174 2552 σώματος

153 2575 315 2662 διάφορος
337 2576 393 2640 καλ
411 2577 493 2640 κατὰ
511 2586 605 2662 χεῖρα
622 2585 776 2660 γενναῖος
794 2613 838 2622 -
857 2577 998 2642 ὀίπιστόν
1015 2599 1048 2641 τι
1065 2586 1173 2662 χρῆμα

151 2683 228 2768 περί
251 2682 355 2749 αὑτὸν
378 2685 518 2766 ποιήσας
540 2693 669 2769 νεκρῶν
691 2683 757 2749 ὑπὸ
780 2687 934 2768 πλήθους
961 2687 1069 2767 βελῶν
1093 2684 1173 2749 ὀπο-

152 2793 308 2875 θνήσκει,
330 2801 399 2856 τῶν
419 2789 458 2855 δὲ
480 2793 545 2856 σὺν
564 2791 653 2879 αὐτῷ
672 2792 713 2856 τὰ
731 2792 879 2876 φρούρια
896 2791 1172 2873 καταλαβομένων

153 2896 260 2980 ὀλίγοι
280 2896 342 2980 μέν
359 2920 447 2980 τινες
470 2899 588 2976 ζῶντες
610 2895 771 2981 ἑάλωσαν,
795 2899 828 2963 ολ
850 2898 887 2962 δέ
910 2898 1045 2975 πλείους
1068 2897 1171 2983 σφοίτ-
1192 2917 1217 2958 ει

152 3020 270 3081 πολλοὺς
294 3015 325 3073 εό
350 3018 572 3088 καταστήσαντες
596 3016 733 3088 πολέμους
758 3019 908 3090 legendum
935 3035 995 3074 οεεο
1021 3036 1043 3075 ο.
1068 3019 1172 3074 Reiske

152 3088 491 3182 &quficoemsssiesslinffi
506 3091 575 3159 quid
589 3091 741 3159 Dionysius
760 3091 905 3180 εοήμεοιήῖ
923 3090 1016 3145 neseio
1072 3097 1087 3144 2
1108 3108 1172 3144 σκο-

151 3161 357 3303 βόιόὀνόέςοπὲαοῗ
375 3161 602 3304 ί,πρΙόσθβόὀόὀ.οντε8ς
618 3163 713 3287 ὀόίρων
732 3162 768 3287 I130
778 3161 1172 3356 βόὀόήέόὀόοἶόηβνότέςροόέ

152 3319 220 3359 corr.
245 3303 291 3356 Bb
324 3305 590 3374 ἀναγκοφαγοῦντες
621 3304 709 3359 Cobet
739 3304 804 3360 Obs.
834 3323 860 3373 p.
884 3309 948 3370 190;
982 3321 1016 3358 ο.
1043 3304 1172 3359 (λόιτολοε

152 3375 299 3430 Αοίωοόν.
321 3375 347 3428 Π
369 3381 401 3430 81
482 3382 515 3428 12
541 3373 735 3431 ὑπολιπόντων
759 3376 781 3431 O
814 3372 999 3430 ἐπιλιπόντων
1025 3392 1047 3430 ο.
1068 3376 1171 3430 Reiske

153 3451 186 3500 16
210 3447 374 3516 ὡμολογεῖτο
404 3446 500 3501 Naber
527 3447 629 3502 Mnem.
652 3453 694 3514 30,
710 3453 761 3501 252
836 3453 869 3501 18
893 3446 1125 3516 έπικαταρραγελς
1148 3445 1170 3500 O

152 3515 367 3587 έπικατοιραγελς
385 3517 473 3572 Cobet
491 3517 556 3573 Oba.
575 3535 603 3587 p.
620 3524 670 3572 191
692 3519 726 3573 ef.
741 3517 779 3571 XI
794 3524 865 3585 26‚4
