<?xml version="1.0" encoding="UTF-8"?>
<!DOCTYPE html PUBLIC "-//W3C//DTD XHTML 1.0 Transitional//EN"
    "http://www.w3.org/TR/xhtml1/DTD/xhtml1-transitional.dtd">
<html xmlns="http://www.w3.org/1999/xhtml" xml:lang="en" lang="en">
 <head>
  <title>
</title>
<meta http-equiv="Content-Type" content="text/html;charset=utf-8" />
  <meta name='ocr-system' content='tesseract 3.04.00' />
  <meta name='ocr-capabilities' content='ocr_page ocr_carea ocr_par ocr_line ocrx_word'/>
</head>
<body>
  <div class='ocr_page' id='page_1' title='image "./dionysihalicarn06diongoog_0058.png"; bbox 0 0 2662 3920; ppageno 0'>
   <div class='ocr_carea' id='block_1_1' title="bbox 158 185 743 272">
    <p class='ocr_par' dir='ltr' id='par_1_1' title="bbox 158 185 743 272">
     <span class='ocr_line' id='line_1_1' title="bbox 158 185 743 272; baseline -0.002 0"><span class='ocrx_word' id='word_1_1' title='bbox 158 207 203 272; x_wconf 77' lang='grc' dir='ltr'><strong><em>ιο</em></strong></span> <span class='ocrx_word' id='word_1_2' title='bbox 533 185 743 254; x_wconf 78' lang='lat'>&#39;—1—</span> 
     </span>
    </p>
   </div>
   <div class='ocr_carea' id='block_1_2' title="bbox 114 325 1265 2872">
    <p class='ocr_par' dir='ltr' id='par_1_2' title="bbox 115 325 1265 2872">
     <span class='ocr_line' id='line_1_2' title="bbox 158 325 1179 418; baseline -0.003 -21"><span class='ocrx_word' id='word_1_3' title='bbox 158 333 262 397; x_wconf 84' lang='grc' dir='ltr'><strong><em>αὐτὸν</em></strong></span> <span class='ocrx_word' id='word_1_4' title='bbox 280 327 516 418; x_wconf 83' lang='grc' dir='ltr'><strong><em>ὑποδεχομένη.</em></strong></span> <span class='ocrx_word' id='word_1_5' title='bbox 552 325 819 413; x_wconf 74' lang='grc' dir='ltr'><strong><em>παραταξάμενος</em></strong></span> <span class='ocrx_word' id='word_1_6' title='bbox 837 327 875 393; x_wconf 79' lang='grc' dir='ltr'><strong><em>δὲ</em></strong></span> <span class='ocrx_word' id='word_1_7' title='bbox 893 328 1007 405; x_wconf 78' lang='grc' dir='ltr'><strong><em>αὐτοῖς</em></strong></span> <span class='ocrx_word' id='word_1_8' title='bbox 1024 329 1080 394; x_wconf 83' lang='grc' dir='ltr'><strong><em>καί</em></strong></span> <span class='ocrx_word' id='word_1_9' title='bbox 1097 333 1179 394; x_wconf 88' lang='grc' dir='ltr'><strong><em>πολ-</em></strong></span> 
     </span>
     <span class='ocr_line' id='line_1_3' title="bbox 159 433 1177 522; baseline -0.003 -18"><span class='ocrx_word' id='word_1_10' title='bbox 159 440 238 516; x_wconf 84' lang='grc' dir='ltr'><strong><em>λοὺς</em></strong></span> <span class='ocrx_word' id='word_1_11' title='bbox 258 437 320 520; x_wconf 76' lang='grc' dir='ltr'><strong><em>μὲν</em></strong></span> <span class='ocrx_word' id='word_1_12' title='bbox 339 436 520 522; x_wconf 80' lang='grc' dir='ltr'><strong><em>φονεύσας,</em></strong></span> <span class='ocrx_word' id='word_1_13' title='bbox 543 439 622 513; x_wconf 88' lang='grc' dir='ltr'><strong><em>τοὺς</em></strong></span> <span class='ocrx_word' id='word_1_14' title='bbox 639 435 677 501; x_wconf 77' lang='grc' dir='ltr'><strong><em>δὲ</em></strong></span> <span class='ocrx_word' id='word_1_15' title='bbox 696 437 833 512; x_wconf 84' lang='grc' dir='ltr'><strong><em>λοιπούς</em></strong></span> <span class='ocrx_word' id='word_1_16' title='bbox 851 433 1054 521; x_wconf 76' lang='grc' dir='ltr'><strong><em>τρεψάμενος</em></strong></span> <span class='ocrx_word' id='word_1_17' title='bbox 1072 433 1177 521; x_wconf 81' lang='grc' dir='ltr'><strong><em>ἀγχοῦ</em></strong></span> 
     </span>
     <span class='ocr_line' id='line_1_4' title="bbox 158 541 1179 629; baseline -0.002 -19"><span class='ocrx_word' id='word_1_18' title='bbox 158 555 216 629; x_wconf 81' lang='grc' dir='ltr'><strong><em>της</em></strong></span> <span class='ocrx_word' id='word_1_19' title='bbox 251 546 378 620; x_wconf 87' lang='grc' dir='ltr'><strong><em>πόλεως</em></strong></span> <span class='ocrx_word' id='word_1_20' title='bbox 413 542 781 628; x_wconf 76' lang='grc' dir='ltr'><strong><em>κατεστρατοπέδευσεν.</em></strong></span> <span class='ocrx_word' id='word_1_21' title='bbox 837 541 877 606; x_wconf 91' lang='grc' dir='ltr'><strong><em>ού</em></strong></span> <span class='ocrx_word' id='word_1_22' title='bbox 910 542 1109 623; x_wconf 80' lang='grc' dir='ltr'><strong><em>τολμώντων</em></strong></span> <span class='ocrx_word' id='word_1_23' title='bbox 1140 543 1179 608; x_wconf 81' lang='grc' dir='ltr'><strong><em>δὲ</em></strong></span> 
     </span>
     <span class='ocr_line' id='line_1_5' title="bbox 158 649 1178 735; baseline -0.002 -18"><span class='ocrx_word' id='word_1_24' title='bbox 158 662 226 717; x_wconf 81' lang='grc' dir='ltr'><strong><em>τῶν</em></strong></span> <span class='ocrx_word' id='word_1_25' title='bbox 253 649 290 716; x_wconf 79' lang='grc' dir='ltr'><strong><em>ἐκ</em></strong></span> <span class='ocrx_word' id='word_1_26' title='bbox 316 661 374 735; x_wconf 79' lang='grc' dir='ltr'><strong><em>τῆς</em></strong></span> <span class='ocrx_word' id='word_1_27' title='bbox 400 651 526 727; x_wconf 84' lang='grc' dir='ltr'><strong><em>πόλεως</em></strong></span> <span class='ocrx_word' id='word_1_28' title='bbox 553 649 664 715; x_wconf 84' lang='grc' dir='ltr'><strong><em>οὐκέτι</em></strong></span> <span class='ocrx_word' id='word_1_29' title='bbox 690 657 811 734; x_wconf 78' lang='grc' dir='ltr'><strong><em>χωρεῖν</em></strong></span> <span class='ocrx_word' id='word_1_30' title='bbox 838 649 885 725; x_wconf 88' lang='grc' dir='ltr'><strong><em>είς</em></strong></span> <span class='ocrx_word' id='word_1_31' title='bbox 912 649 1020 734; x_wconf 80' lang='grc' dir='ltr'><strong><em>μάχην</em></strong></span> <span class='ocrx_word' id='word_1_32' title='bbox 1045 660 1178 735; x_wconf 86' lang='grc' dir='ltr'><strong><em>πρῶτον</em></strong></span> 
     </span>
     <span class='ocr_line' id='line_1_6' title="bbox 128 752 1179 842; baseline 0 -21"><span class='ocrx_word' id='word_1_33' title='bbox 128 759 219 842; x_wconf 77' lang='grc' dir='ltr'><strong><em>εμὲν</em></strong></span> <span class='ocrx_word' id='word_1_34' title='bbox 251 759 312 842; x_wconf 80' lang='grc' dir='ltr'><strong><em>τὴν</em></strong></span> <span class='ocrx_word' id='word_1_35' title='bbox 343 767 408 841; x_wconf 77' lang='grc' dir='ltr'><strong><em>γῆν</em></strong></span> <span class='ocrx_word' id='word_1_36' title='bbox 440 757 550 822; x_wconf 82' lang='grc' dir='ltr'><strong><em>αὐτῶν</em></strong></span> <span class='ocrx_word' id='word_1_37' title='bbox 582 753 718 841; x_wconf 82' lang='grc' dir='ltr'><strong><em>ἔκειρεν,</em></strong></span> <span class='ocrx_word' id='word_1_38' title='bbox 751 752 862 821; x_wconf 79' lang='grc' dir='ltr'><strong><em>ἔπειτα</em></strong></span> <span class='ocrx_word' id='word_1_39' title='bbox 893 757 955 840; x_wconf 82' lang='grc' dir='ltr'><strong><em>την</em></strong></span> <span class='ocrx_word' id='word_1_40' title='bbox 986 757 1085 822; x_wconf 84' lang='grc' dir='ltr'><strong><em>πόλιν</em></strong></span> <span class='ocrx_word' id='word_1_41' title='bbox 1118 756 1179 822; x_wconf 88' lang='grc' dir='ltr'><strong><em>άπ-</em></strong></span> 
     </span>
     <span class='ocr_line' id='line_1_7' title="bbox 158 862 1180 951; baseline 0 -21"><span class='ocrx_word' id='word_1_42' title='bbox 158 865 319 951; x_wconf 88' lang='grc' dir='ltr'><strong><em>ετάφρευε</em></strong></span> <span class='ocrx_word' id='word_1_43' title='bbox 351 864 406 930; x_wconf 80' lang='grc' dir='ltr'><strong><em>καί</em></strong></span> <span class='ocrx_word' id='word_1_44' title='bbox 438 863 685 950; x_wconf 84' lang='grc' dir='ltr'><strong><em>περιεχαράκου.</em></strong></span> <span class='ocrx_word' id='word_1_45' title='bbox 735 865 809 949; x_wconf 88' lang='grc' dir='ltr'><strong><em>τότε</em></strong></span> <span class='ocrx_word' id='word_1_46' title='bbox 836 863 877 947; x_wconf 81' lang='grc' dir='ltr'><strong><em>δὴ</em></strong></span> <span class='ocrx_word' id='word_1_47' title='bbox 907 863 1009 928; x_wconf 89' lang='grc' dir='ltr'><strong><em>πάλιν</em></strong></span> <span class='ocrx_word' id='word_1_48' title='bbox 1036 862 1180 948; x_wconf 78' lang='grc' dir='ltr'><strong><em>ἀναγκα-</em></strong></span> 
     </span>
     <span class='ocr_line' id='line_1_8' title="bbox 158 969 1180 1058; baseline 0 -22"><span class='ocrx_word' id='word_1_49' title='bbox 158 971 297 1049; x_wconf 78' lang='grc' dir='ltr'><strong><em>σθέντες</em></strong></span> <span class='ocrx_word' id='word_1_50' title='bbox 329 969 473 1054; x_wconf 75' lang='grc' dir='ltr'><strong><em>ἐξῆλθον</em></strong></span> <span class='ocrx_word' id='word_1_51' title='bbox 504 969 541 1036; x_wconf 83' lang='grc' dir='ltr'><strong><em>ἐκ</em></strong></span> <span class='ocrx_word' id='word_1_52' title='bbox 572 981 630 1055; x_wconf 78' lang='grc' dir='ltr'><strong><em>της</em></strong></span> <span class='ocrx_word' id='word_1_53' title='bbox 661 972 787 1048; x_wconf 88' lang='grc' dir='ltr'><strong><em>πόλεως</em></strong></span> <span class='ocrx_word' id='word_1_54' title='bbox 818 976 1038 1058; x_wconf 75' lang='grc' dir='ltr'><strong><em>πανστρατιᾷ,</em></strong></span> <span class='ocrx_word' id='word_1_55' title='bbox 1074 974 1180 1049; x_wconf 84' lang='grc' dir='ltr'><strong><em>πολύς</em></strong></span> 
     </span>
     <span class='ocr_line' id='line_1_9' title="bbox 158 1075 1179 1163; baseline -0.002 -19"><span class='ocrx_word' id='word_1_56' title='bbox 158 1079 213 1144; x_wconf 80' lang='grc' dir='ltr'><strong><em>καί</em></strong></span> <span class='ocrx_word' id='word_1_57' title='bbox 241 1077 444 1154; x_wconf 83' lang='grc' dir='ltr'><strong><em>ἀσύντακτος</em></strong></span> <span class='ocrx_word' id='word_1_58' title='bbox 469 1078 580 1163; x_wconf 78' lang='grc' dir='ltr'><strong><em>ὄχλος,</em></strong></span> <span class='ocrx_word' id='word_1_59' title='bbox 603 1077 659 1142; x_wconf 83' lang='grc' dir='ltr'><strong><em>καί</em></strong></span> <span class='ocrx_word' id='word_1_60' title='bbox 682 1079 908 1160; x_wconf 79' lang='grc' dir='ltr'><strong><em>συμβαλόντες</em></strong></span> <span class='ocrx_word' id='word_1_61' title='bbox 931 1078 978 1155; x_wconf 89' lang='grc' dir='ltr'><strong><em>είς</em></strong></span> <span class='ocrx_word' id='word_1_62' title='bbox 1000 1075 1150 1163; x_wconf 83' lang='grc' dir='ltr'><strong><em>μάχην”</em></strong></span> <span class='ocrx_word' id='word_1_63' title='bbox 1131 1101 1179 1143; x_wconf 86' lang='grc' dir='ltr'><strong><em>ετι</em></strong></span> 
     </span>
     <span class='ocr_line' id='line_1_10' title="bbox 119 1183 1180 1333; baseline 0.001 -83.037"><span class='ocrx_word' id='word_1_64' title='bbox 119 1185 274 1333; x_wconf 86' lang='grc' dir='ltr'><strong><em>6κάκιον</em></strong></span> <span class='ocrx_word' id='word_1_65' title='bbox 305 1183 548 1268; x_wconf 78' lang='grc' dir='ltr'><strong><em>ἀγωνισάμενοι</em></strong></span> <span class='ocrx_word' id='word_1_66' title='bbox 583 1186 831 1249; x_wconf 82' lang='grc' dir='ltr'><strong><em>κατακλείονται</em></strong></span> <span class='ocrx_word' id='word_1_67' title='bbox 867 1185 904 1249; x_wconf 87' lang='grc' dir='ltr'><strong><em>τὸ</em></strong></span> <span class='ocrx_word' id='word_1_68' title='bbox 942 1185 1100 1270; x_wconf 89' lang='grc' dir='ltr'><strong><em>δεύτερον</em></strong></span> <span class='ocrx_word' id='word_1_69' title='bbox 1132 1187 1180 1264; x_wconf 89' lang='grc' dir='ltr'><strong><em>είς</em></strong></span> 
     </span>
     <span class='ocr_line' id='line_1_11' title="bbox 114 1268 1175 1398; baseline 0.001 -41.044"><span class='ocrx_word' id='word_1_70' title='bbox 114 1268 219 1398; x_wconf 52' lang='grc' dir='ltr'><strong><em>Βτην</em></strong></span> <span class='ocrx_word' id='word_1_71' title='bbox 249 1294 358 1375; x_wconf 90' lang='grc' dir='ltr'><strong><em>πόλιν,</em></strong></span> <span class='ocrx_word' id='word_1_72' title='bbox 391 1293 534 1378; x_wconf 78' lang='grc' dir='ltr'><strong><em>αἰσχρῶς</em></strong></span> <span class='ocrx_word' id='word_1_73' title='bbox 562 1291 618 1356; x_wconf 82' lang='grc' dir='ltr'><strong><em>καί</em></strong></span> <span class='ocrx_word' id='word_1_74' title='bbox 647 1291 820 1377; x_wconf 88' lang='grc' dir='ltr'><strong><em>ἀνάνδρως</em></strong></span> <span class='ocrx_word' id='word_1_75' title='bbox 850 1291 1040 1376; x_wconf 78' lang='grc' dir='ltr'><strong><em>φεύγοντες.</em></strong></span> <span class='ocrx_word' id='word_1_76' title='bbox 1093 1293 1111 1358; x_wconf 91' lang='grc' dir='ltr'>ὁ</span> <span class='ocrx_word' id='word_1_77' title='bbox 1144 1290 1175 1358; x_wconf 92' lang='grc' dir='ltr'><strong><em>δ’</em></strong></span> 
     </span>
     <span class='ocr_line' id='line_1_12' title="bbox 127 1359 1179 1484; baseline 0 -20"><span class='ocrx_word' id='word_1_78' title='bbox 127 1359 283 1476; x_wconf 80' lang='grc' dir='ltr'><strong><em>0ὕπατος</em></strong></span> <span class='ocrx_word' id='word_1_79' title='bbox 301 1399 420 1482; x_wconf 89' lang='grc' dir='ltr'><strong><em>ούδεμί</em></strong></span> <span class='ocrx_word' id='word_1_80' title='bbox 419 1423 461 1464; x_wconf 95' lang='grc' dir='ltr'><strong><em>αν</em></strong></span> <span class='ocrx_word' id='word_1_81' title='bbox 480 1399 594 1476; x_wconf 85' lang='grc' dir='ltr'><strong><em>αύτοίς</em></strong></span> <span class='ocrx_word' id='word_1_82' title='bbox 617 1394 869 1484; x_wconf 81' lang='grc' dir='ltr'><strong><em>άναστροφην”</em></strong></span> <span class='ocrx_word' id='word_1_83' title='bbox 851 1421 899 1463; x_wconf 91' lang='grc' dir='ltr'><strong><em>ετι</em></strong></span> <span class='ocrx_word' id='word_1_84' title='bbox 922 1399 1002 1476; x_wconf 85' lang='grc' dir='ltr'><strong><em>δούς</em></strong></span> <span class='ocrx_word' id='word_1_85' title='bbox 1020 1401 1179 1482; x_wconf 89' lang='grc' dir='ltr'><strong><em>κλίμακας</em></strong></span> 
     </span>
     <span class='ocr_line' id='line_1_13' title="bbox 158 1503 1179 1593; baseline -0.001 -21"><span class='ocrx_word' id='word_1_86' title='bbox 158 1506 344 1593; x_wconf 84' lang='grc' dir='ltr'><strong><em>προσέφερε</em></strong></span> <span class='ocrx_word' id='word_1_87' title='bbox 370 1516 439 1583; x_wconf 86' lang='grc' dir='ltr'><strong><em>τοῖς</em></strong></span> <span class='ocrx_word' id='word_1_88' title='bbox 461 1508 583 1590; x_wconf 87' lang='grc' dir='ltr'><strong><em>τείχεσι</em></strong></span> <span class='ocrx_word' id='word_1_89' title='bbox 604 1505 660 1570; x_wconf 82' lang='grc' dir='ltr'><strong><em>καί</em></strong></span> <span class='ocrx_word' id='word_1_90' title='bbox 682 1515 787 1590; x_wconf 88' lang='grc' dir='ltr'><strong><em>κριολς</em></strong></span> <span class='ocrx_word' id='word_1_91' title='bbox 810 1503 961 1582; x_wconf 75' lang='grc' dir='ltr'><strong><em>ἐξέκοπτε</em></strong></span> <span class='ocrx_word' id='word_1_92' title='bbox 983 1506 1042 1583; x_wconf 80' lang='grc' dir='ltr'><strong><em>τὰς</em></strong></span> <span class='ocrx_word' id='word_1_93' title='bbox 1063 1506 1179 1584; x_wconf 84' lang='grc' dir='ltr'><strong><em>πύλας.</em></strong></span> 
     </span>
     <span class='ocr_line' id='line_1_14' title="bbox 159 1608 1179 1697; baseline 0.001 -19"><span class='ocrx_word' id='word_1_94' title='bbox 159 1613 323 1690; x_wconf 80' lang='grc' dir='ltr'><strong><em>ἐπιπόνως</em></strong></span> <span class='ocrx_word' id='word_1_95' title='bbox 346 1614 383 1678; x_wconf 79' lang='grc' dir='ltr'><strong><em>δὲ</em></strong></span> <span class='ocrx_word' id='word_1_96' title='bbox 406 1614 461 1678; x_wconf 80' lang='grc' dir='ltr'><strong><em>καὶ</em></strong></span> <span class='ocrx_word' id='word_1_97' title='bbox 483 1613 697 1696; x_wconf 86' lang='grc' dir='ltr'><strong><em>ταλαιπώρως</em></strong></span> <span class='ocrx_word' id='word_1_98' title='bbox 714 1623 782 1677; x_wconf 83' lang='grc' dir='ltr'><strong><em>τῶν</em></strong></span> <span class='ocrx_word' id='word_1_99' title='bbox 800 1608 901 1676; x_wconf 78' lang='grc' dir='ltr'><strong><em>ἔνδον</em></strong></span> <span class='ocrx_word' id='word_1_100' title='bbox 919 1611 1179 1697; x_wconf 79' lang='grc' dir='ltr'><strong><em>ἀπομαχομένων</em></strong></span> 
     </span>
     <span class='ocr_line' id='line_1_15' title="bbox 159 1719 1265 1806; baseline 0.001 -20"><span class='ocrx_word' id='word_1_101' title='bbox 159 1721 199 1786; x_wconf 89' lang='grc' dir='ltr'><strong><em>ού</em></strong></span> <span class='ocrx_word' id='word_1_102' title='bbox 219 1722 325 1786; x_wconf 84' lang='grc' dir='ltr'><strong><em>πολλὰ</em></strong></span> <span class='ocrx_word' id='word_1_103' title='bbox 343 1720 610 1806; x_wconf 79' lang='grc' dir='ltr'><strong><em>πραγματευδελς</em></strong></span> <span class='ocrx_word' id='word_1_104' title='bbox 632 1719 715 1786; x_wconf 79' lang='grc' dir='ltr'><strong><em>κατὰ</em></strong></span> <span class='ocrx_word' id='word_1_105' title='bbox 736 1719 856 1804; x_wconf 89' lang='grc' dir='ltr'><strong><em>κράτος</em></strong></span> <span class='ocrx_word' id='word_1_106' title='bbox 878 1720 965 1803; x_wconf 80' lang='grc' dir='ltr'><strong><em>αἱρεί</em></strong></span> <span class='ocrx_word' id='word_1_107' title='bbox 987 1720 1049 1803; x_wconf 82' lang='grc' dir='ltr'><strong><em>την</em></strong></span> <span class='ocrx_word' id='word_1_108' title='bbox 1071 1722 1179 1786; x_wconf 91' lang='grc' dir='ltr'><strong><em>πόλιν.</em></strong></span> <span class='ocrx_word' id='word_1_109' title='bbox 1189 1737 1265 1787; x_wconf 75' lang='lat'>2044</span> 
     </span>
     <span class='ocr_line' id='line_1_16' title="bbox 115 1821 1179 1913; baseline 0.003 -24"><span class='ocrx_word' id='word_1_110' title='bbox 115 1849 140 1890; x_wconf 80' lang='grc' dir='ltr'><strong><em>ιι</em></strong></span> <span class='ocrx_word' id='word_1_111' title='bbox 158 1830 306 1913; x_wconf 82' lang='grc' dir='ltr'><strong><em>χρηματα</em></strong></span> <span class='ocrx_word' id='word_1_112' title='bbox 329 1827 391 1910; x_wconf 84' lang='grc' dir='ltr'><strong><em>μὲν</em></strong></span> <span class='ocrx_word' id='word_1_113' title='bbox 414 1821 477 1893; x_wconf 83' lang='grc' dir='ltr'><strong><em>οὖν</em></strong></span> <span class='ocrx_word' id='word_1_114' title='bbox 500 1826 621 1908; x_wconf 82' lang='grc' dir='ltr'><strong><em>αὐτῶν,</em></strong></span> <span class='ocrx_word' id='word_1_115' title='bbox 649 1825 711 1890; x_wconf 80' lang='grc' dir='ltr'><strong><em>ὅσα</em></strong></span> <span class='ocrx_word' id='word_1_116' title='bbox 733 1827 856 1911; x_wconf 88' lang='grc' dir='ltr'><strong><em>χρυσὸς</em></strong></span> <span class='ocrx_word' id='word_1_117' title='bbox 878 1826 934 1890; x_wconf 82' lang='grc' dir='ltr'><strong><em>καί</em></strong></span> <span class='ocrx_word' id='word_1_118' title='bbox 956 1827 1102 1912; x_wconf 78' lang='grc' dir='ltr'><strong><em>ἄργυρος</em></strong></span> <span class='ocrx_word' id='word_1_119' title='bbox 1124 1828 1179 1892; x_wconf 79' lang='grc' dir='ltr'><strong><em>καί</em></strong></span> 
     </span>
     <span class='ocr_line' id='line_1_17' title="bbox 158 1931 1179 2020; baseline 0 -20"><span class='ocrx_word' id='word_1_120' title='bbox 158 1936 278 2020; x_wconf 90' lang='grc' dir='ltr'><strong><em>χαλκὸς</em></strong></span> <span class='ocrx_word' id='word_1_121' title='bbox 314 1932 404 2018; x_wconf 82' lang='grc' dir='ltr'><strong><em>ένην,</em></strong></span> <span class='ocrx_word' id='word_1_122' title='bbox 441 1935 488 2010; x_wconf 87' lang='grc' dir='ltr'><strong><em>είς</em></strong></span> <span class='ocrx_word' id='word_1_123' title='bbox 519 1935 556 1999; x_wconf 90' lang='grc' dir='ltr'><strong><em>τὸ</em></strong></span> <span class='ocrx_word' id='word_1_124' title='bbox 589 1933 751 2017; x_wconf 84' lang='grc' dir='ltr'><strong><em>δημόσιον</em></strong></span> <span class='ocrx_word' id='word_1_125' title='bbox 783 1931 955 1998; x_wconf 83' lang='grc' dir='ltr'><strong><em>ἐκέλευσεν</em></strong></span> <span class='ocrx_word' id='word_1_126' title='bbox 987 1933 1179 2020; x_wconf 82' lang='grc' dir='ltr'><strong><em>ἀναφέρειν,</em></strong></span> 
     </span>
     <span class='ocr_line' id='line_1_18' title="bbox 159 2039 1180 2127; baseline -0.001 -20"><span class='ocrx_word' id='word_1_127' title='bbox 159 2041 354 2127; x_wconf 85' lang='grc' dir='ltr'><strong><em>ἀνδράποδα</em></strong></span> <span class='ocrx_word' id='word_1_128' title='bbox 383 2041 421 2106; x_wconf 77' lang='grc' dir='ltr'><strong><em>δὲ</em></strong></span> <span class='ocrx_word' id='word_1_129' title='bbox 450 2043 530 2118; x_wconf 88' lang='grc' dir='ltr'><strong><em>τοὺς</em></strong></span> <span class='ocrx_word' id='word_1_130' title='bbox 557 2042 674 2122; x_wconf 79' lang='grc' dir='ltr'><strong><em>ταμίας</em></strong></span> <span class='ocrx_word' id='word_1_131' title='bbox 703 2039 1022 2125; x_wconf 79' lang='grc' dir='ltr'><strong><em>παραλαμβάνοντας</em></strong></span> <span class='ocrx_word' id='word_1_132' title='bbox 1053 2041 1108 2106; x_wconf 80' lang='grc' dir='ltr'><strong><em>καὶ</em></strong></span> <span class='ocrx_word' id='word_1_133' title='bbox 1139 2043 1180 2106; x_wconf 90' lang='grc' dir='ltr'><strong><em>τά</em></strong></span> 
     </span>
     <span class='ocr_line' id='line_1_19' title="bbox 159 2145 1179 2234; baseline -0.002 -20"><span class='ocrx_word' id='word_1_134' title='bbox 159 2151 258 2215; x_wconf 86' lang='grc' dir='ltr'><strong><em>λοιπά</em></strong></span> <span class='ocrx_word' id='word_1_135' title='bbox 277 2148 412 2234; x_wconf 92' lang='grc' dir='ltr'><strong><em>λάφυρα</em></strong></span> <span class='ocrx_word' id='word_1_136' title='bbox 429 2153 566 2214; x_wconf 82' lang='grc' dir='ltr'><strong><em>πωλεῖν·</em></strong></span> <span class='ocrx_word' id='word_1_137' title='bbox 589 2155 659 2224; x_wconf 79' lang='grc' dir='ltr'><strong><em>τοῖς</em></strong></span> <span class='ocrx_word' id='word_1_138' title='bbox 679 2146 717 2212; x_wconf 76' lang='grc' dir='ltr'><strong><em>δὲ</em></strong></span> <span class='ocrx_word' id='word_1_139' title='bbox 740 2147 954 2232; x_wconf 84' lang='grc' dir='ltr'><strong><em>στρατιώταις</em></strong></span> <span class='ocrx_word' id='word_1_140' title='bbox 976 2145 1101 2230; x_wconf 73' lang='grc' dir='ltr'><strong><em>ἐσθῆτα</em></strong></span> <span class='ocrx_word' id='word_1_141' title='bbox 1124 2147 1179 2212; x_wconf 78' lang='grc' dir='ltr'><strong><em>καὶ</em></strong></span> 
     </span>
     <span class='ocr_line' id='line_1_20' title="bbox 158 2252 1179 2341; baseline -0.002 -21"><span class='ocrx_word' id='word_1_142' title='bbox 158 2258 284 2341; x_wconf 86' lang='grc' dir='ltr'><strong><em>τροφὰς</em></strong></span> <span class='ocrx_word' id='word_1_143' title='bbox 319 2256 375 2321; x_wconf 82' lang='grc' dir='ltr'><strong><em>καί</em></strong></span> <span class='ocrx_word' id='word_1_144' title='bbox 410 2253 460 2321; x_wconf 89' lang='grc' dir='ltr'><strong><em>ὅσ’</em></strong></span> <span class='ocrx_word' id='word_1_145' title='bbox 496 2257 580 2320; x_wconf 88' lang='grc' dir='ltr'><strong><em>ἀλλα</em></strong></span> <span class='ocrx_word' id='word_1_146' title='bbox 611 2262 747 2320; x_wconf 86' lang='grc' dir='ltr'><strong><em>τοιαῦτα</em></strong></span> <span class='ocrx_word' id='word_1_147' title='bbox 780 2252 941 2320; x_wconf 77' lang='grc' dir='ltr'><strong><em>ἐδύναντο</em></strong></span> <span class='ocrx_word' id='word_1_148' title='bbox 975 2255 1179 2339; x_wconf 78' lang='grc' dir='ltr'><strong><em>ὠφελεῖσθαι</em></strong></span> 
     </span>
     <span class='ocr_line' id='line_1_21' title="bbox 115 2330 1179 2457; baseline -0.002 -29"><span class='ocrx_word' id='word_1_149' title='bbox 115 2330 345 2457; x_wconf 55' lang='grc' dir='ltr'><strong><em>,ἵοέπέτρεψεν</em></strong></span> <span class='ocrx_word' id='word_1_150' title='bbox 398 2359 509 2426; x_wconf 78' lang='grc' dir='ltr'><strong><em>ἔπειτα</em></strong></span> <span class='ocrx_word' id='word_1_151' title='bbox 539 2362 711 2446; x_wconf 88' lang='grc' dir='ltr'><strong><em>διακρίνας</em></strong></span> <span class='ocrx_word' id='word_1_152' title='bbox 740 2372 807 2426; x_wconf 85' lang='grc' dir='ltr'><strong><em>τών</em></strong></span> <span class='ocrx_word' id='word_1_153' title='bbox 836 2383 871 2425; x_wconf 90' lang='grc' dir='ltr'><strong><em>τε</em></strong></span> <span class='ocrx_word' id='word_1_154' title='bbox 900 2362 1095 2446; x_wconf 81' lang='grc' dir='ltr'><strong><em>κληρούχων</em></strong></span> <span class='ocrx_word' id='word_1_155' title='bbox 1124 2362 1179 2426; x_wconf 83' lang='grc' dir='ltr'><strong><em>καί</em></strong></span> 
     </span>
     <span class='ocr_line' id='line_1_22' title="bbox 159 2467 1180 2554; baseline 0 -21"><span class='ocrx_word' id='word_1_156' title='bbox 159 2479 226 2533; x_wconf 85' lang='grc' dir='ltr'><strong><em>τών</em></strong></span> <span class='ocrx_word' id='word_1_157' title='bbox 245 2468 391 2552; x_wconf 89' lang='grc' dir='ltr'><strong><em>ἀρχαίων</em></strong></span> <span class='ocrx_word' id='word_1_158' title='bbox 406 2467 584 2534; x_wconf 85' lang='grc' dir='ltr'><strong><em>Ἀντιατῶν</em></strong></span> <span class='ocrx_word' id='word_1_159' title='bbox 601 2471 681 2546; x_wconf 86' lang='grc' dir='ltr'><strong><em>τοὺς</em></strong></span> <span class='ocrx_word' id='word_1_160' title='bbox 699 2467 981 2554; x_wconf 80' lang='grc' dir='ltr'><strong><em>ἐπιφανεστάτους</em></strong></span> <span class='ocrx_word' id='word_1_161' title='bbox 998 2491 1033 2533; x_wconf 88' lang='grc' dir='ltr'><strong><em>τε</em></strong></span> <span class='ocrx_word' id='word_1_162' title='bbox 1051 2469 1106 2534; x_wconf 77' lang='grc' dir='ltr'><strong><em>καί</em></strong></span> <span class='ocrx_word' id='word_1_163' title='bbox 1122 2478 1180 2552; x_wconf 80' lang='grc' dir='ltr'><strong><em>τῆς</em></strong></span> 
     </span>
     <span class='ocr_line' id='line_1_23' title="bbox 160 2572 1179 2661; baseline 0 -21"><span class='ocrx_word' id='word_1_164' title='bbox 160 2574 370 2652; x_wconf 89' lang='grc' dir='ltr'><strong><em>ἀποστάσεως</em></strong></span> <span class='ocrx_word' id='word_1_165' title='bbox 394 2576 585 2651; x_wconf 87' lang='grc' dir='ltr'><strong><em>αίτίους-</em></strong></span> <span class='ocrx_word' id='word_1_166' title='bbox 609 2572 695 2658; x_wconf 79' lang='grc' dir='ltr'><strong><em>ἦσαν</em></strong></span> <span class='ocrx_word' id='word_1_167' title='bbox 718 2575 756 2640; x_wconf 77' lang='grc' dir='ltr'><strong><em>δέ</em></strong></span> <span class='ocrx_word' id='word_1_168' title='bbox 779 2572 964 2640; x_wconf 91' lang='grc' dir='ltr'><strong><em>πολλοί-</em></strong></span> <span class='ocrx_word' id='word_1_169' title='bbox 919 2575 1124 2661; x_wconf 79' lang='grc' dir='ltr'><strong><em>-ράβδοις</em></strong></span> <span class='ocrx_word' id='word_1_170' title='bbox 1144 2599 1179 2640; x_wconf 91' lang='grc' dir='ltr'><strong><em>τε</em></strong></span> 
     </span>
     <span class='ocr_line' id='line_1_24' title="bbox 159 2679 1179 2772; baseline 0 -26"><span class='ocrx_word' id='word_1_171' title='bbox 159 2679 296 2772; x_wconf 74' lang='grc' dir='ltr'><strong><em>ᾐκίσατο</em></strong></span> <span class='ocrx_word' id='word_1_172' title='bbox 319 2681 414 2766; x_wconf 83' lang='grc' dir='ltr'><strong><em>μέχρι</em></strong></span> <span class='ocrx_word' id='word_1_173' title='bbox 436 2686 562 2745; x_wconf 86' lang='grc' dir='ltr'><strong><em>πολλοῦ</em></strong></span> <span class='ocrx_word' id='word_1_174' title='bbox 585 2681 641 2745; x_wconf 83' lang='grc' dir='ltr'><strong><em>καί</em></strong></span> <span class='ocrx_word' id='word_1_175' title='bbox 663 2684 742 2757; x_wconf 85' lang='grc' dir='ltr'><strong><em>τοὺς</em></strong></span> <span class='ocrx_word' id='word_1_176' title='bbox 763 2681 903 2766; x_wconf 85' lang='grc' dir='ltr'><strong><em>αὐχένας</em></strong></span> <span class='ocrx_word' id='word_1_177' title='bbox 922 2682 1033 2747; x_wconf 83' lang='grc' dir='ltr'><strong><em>αὐτῶν</em></strong></span> <span class='ocrx_word' id='word_1_178' title='bbox 1052 2680 1179 2748; x_wconf 84' lang='grc' dir='ltr'><strong><em>ίκελευ-</em></strong></span> 
     </span>
     <span class='ocr_line' id='line_1_25' title="bbox 160 2785 1179 2872; baseline 0.001 -19"><span class='ocrx_word' id='word_1_179' title='bbox 160 2805 219 2853; x_wconf 91' lang='grc' dir='ltr'><strong><em>σεν</em></strong></span> <span class='ocrx_word' id='word_1_180' title='bbox 240 2788 424 2870; x_wconf 78' lang='grc' dir='ltr'><strong><em>ἀποτεμεῖν.</em></strong></span> <span class='ocrx_word' id='word_1_181' title='bbox 465 2796 568 2852; x_wconf 84' lang='grc' dir='ltr'><strong><em>ταῦτα</em></strong></span> <span class='ocrx_word' id='word_1_182' title='bbox 591 2785 852 2871; x_wconf 81' lang='grc' dir='ltr'><strong><em>διαπραξάμενος</em></strong></span> <span class='ocrx_word' id='word_1_183' title='bbox 875 2788 980 2872; x_wconf 79' lang='grc' dir='ltr'><strong><em>ἀπῆγε</em></strong></span> <span class='ocrx_word' id='word_1_184' title='bbox 1002 2789 1058 2854; x_wconf 87' lang='grc' dir='ltr'><strong><em>καὶ</em></strong></span> <span class='ocrx_word' id='word_1_185' title='bbox 1081 2789 1179 2866; x_wconf 89' lang='grc' dir='ltr'><strong><em>αὐτὸς</em></strong></span> 
     </span>
    </p>
   </div>
   <div class='ocr_carea' id='block_1_3' title="bbox 116 2872 1180 3302">
    <p class='ocr_par' dir='ltr' id='par_1_3' title="bbox 116 2872 1180 3302">
     <span class='ocr_line' id='line_1_26' title="bbox 116 2872 1180 3000; baseline 0 -40"><span class='ocrx_word' id='word_1_186' title='bbox 116 2872 210 3000; x_wconf 55' lang='grc' dir='ltr'><strong><em>Ξίπ</em></strong></span> <span class='ocrx_word' id='word_1_187' title='bbox 228 2895 322 2961; x_wconf 84' lang='grc' dir='ltr'><strong><em>οίκου</em></strong></span> <span class='ocrx_word' id='word_1_188' title='bbox 345 2895 407 2979; x_wconf 80' lang='grc' dir='ltr'><strong><em>την</em></strong></span> <span class='ocrx_word' id='word_1_189' title='bbox 428 2894 580 2976; x_wconf 90' lang='grc' dir='ltr'><strong><em>δύναμιν.</em></strong></span> <span class='ocrx_word' id='word_1_190' title='bbox 626 2894 756 2972; x_wconf 88' lang='grc' dir='ltr'><strong><em>τούτοις</em></strong></span> <span class='ocrx_word' id='word_1_191' title='bbox 777 2896 797 2979; x_wconf 80' lang='grc' dir='ltr'><strong><em>η</em></strong></span> <span class='ocrx_word' id='word_1_192' title='bbox 822 2896 927 2980; x_wconf 80' lang='grc' dir='ltr'><strong><em>βουλὴ</em></strong></span> <span class='ocrx_word' id='word_1_193' title='bbox 950 2905 1021 2973; x_wconf 80' lang='grc' dir='ltr'><strong><em>τοῖς</em></strong></span> <span class='ocrx_word' id='word_1_194' title='bbox 1043 2895 1180 2972; x_wconf 84' lang='grc' dir='ltr'><strong><em>ὑπάτοις</em></strong></span> 
     </span>
     <span class='ocr_line' id='line_1_27' title="bbox 160 3000 1178 3089; baseline -0.002 -21"><span class='ocrx_word' id='word_1_195' title='bbox 160 3005 338 3089; x_wconf 87' lang='grc' dir='ltr'><strong><em>προσιοῦσί</em></strong></span> <span class='ocrx_word' id='word_1_196' title='bbox 354 3025 389 3067; x_wconf 90' lang='grc' dir='ltr'><strong><em>τε</em></strong></span> <span class='ocrx_word' id='word_1_197' title='bbox 410 3001 576 3085; x_wconf 80' lang='grc' dir='ltr'><strong><em>ἀπήντησε</em></strong></span> <span class='ocrx_word' id='word_1_198' title='bbox 599 3001 654 3066; x_wconf 78' lang='grc' dir='ltr'><strong><em>καὶ</em></strong></span> <span class='ocrx_word' id='word_1_199' title='bbox 676 3000 905 3087; x_wconf 81' lang='grc' dir='ltr'><strong><em>θριάμβους’</em></strong></span> <span class='ocrx_word' id='word_1_200' title='bbox 887 3001 1087 3088; x_wconf 83' lang='grc' dir='ltr'><strong><em>αμφοτέροις</em></strong></span> <span class='ocrx_word' id='word_1_201' title='bbox 1104 3025 1178 3068; x_wconf 90' lang='grc' dir='ltr'><strong><em>κατ-</em></strong></span> 
     </span>
     <span class='ocr_line' id='line_1_28' title="bbox 161 3109 1180 3196; baseline 0.001 -21"><span class='ocrx_word' id='word_1_202' title='bbox 161 3119 297 3194; x_wconf 82' lang='grc' dir='ltr'><strong><em>αμαμεῑν</em></strong></span> <span class='ocrx_word' id='word_1_203' title='bbox 276 3109 431 3194; x_wconf 79' lang='grc' dir='ltr'><strong><em>νέψηφί</em></strong></span> <span class='ocrx_word' id='word_1_204' title='bbox 430 3126 522 3173; x_wconf 91' lang='grc' dir='ltr'><strong><em>σατο·</em></strong></span> <span class='ocrx_word' id='word_1_205' title='bbox 553 3109 608 3173; x_wconf 81' lang='grc' dir='ltr'><strong><em>καί</em></strong></span> <span class='ocrx_word' id='word_1_206' title='bbox 635 3109 718 3194; x_wconf 88' lang='grc' dir='ltr'><strong><em>πρὸς</em></strong></span> <span class='ocrx_word' id='word_1_207' title='bbox 739 3111 910 3187; x_wconf 78' lang='grc' dir='ltr'><strong><em>Αἰκανοὺς</em></strong></span> <span class='ocrx_word' id='word_1_208' title='bbox 936 3109 1180 3196; x_wconf 81' lang='grc' dir='ltr'><strong><em>πρεσβευσαμέ-</em></strong></span> 
     </span>
     <span class='ocr_line' id='line_1_29' title="bbox 160 3213 1180 3302; baseline 0 -20"><span class='ocrx_word' id='word_1_209' title='bbox 160 3241 293 3294; x_wconf 91' lang='grc' dir='ltr'><strong><em>νουςυ</em></strong></span> <span class='ocrx_word' id='word_1_210' title='bbox 272 3215 356 3299; x_wconf 76' lang='grc' dir='ltr'><strong><em>ὑπὲρ</em></strong></span> <span class='ocrx_word' id='word_1_211' title='bbox 390 3217 523 3302; x_wconf 81' lang='grc' dir='ltr'><strong><em>εἰρήνης</em></strong></span> <span class='ocrx_word' id='word_1_212' title='bbox 554 3213 729 3300; x_wconf 73' lang='grc' dir='ltr'><strong><em>ἐποιήσατο</em></strong></span> <span class='ocrx_word' id='word_1_213' title='bbox 762 3220 934 3301; x_wconf 77' lang='grc' dir='ltr'><strong><em>συνθήκας</em></strong></span> <span class='ocrx_word' id='word_1_214' title='bbox 971 3217 1047 3301; x_wconf 78' lang='grc' dir='ltr'><strong><em>περὶ</em></strong></span> <span class='ocrx_word' id='word_1_215' title='bbox 1083 3240 1180 3282; x_wconf 90' lang='grc' dir='ltr'><strong><em>κατα-</em></strong></span> 
     </span>
    </p>
   </div>
   <div class='ocr_carea' id='block_1_4' title="bbox 161 3354 1181 3569">
    <p class='ocr_par' dir='ltr' id='par_1_4' title="bbox 161 3354 1180 3569">
     <span class='ocr_line' id='line_1_30' title="bbox 232 3354 1178 3429; baseline -0.001 -18"><span class='ocrx_word' id='word_1_216' title='bbox 232 3363 249 3410; x_wconf 88' lang='grc'>4</span> <span class='ocrx_word' id='word_1_217' title='bbox 273 3354 418 3429; x_wconf 77' lang='grc' dir='ltr'><strong><em>ούκέτι]έ</em></strong></span> <span class='ocrx_word' id='word_1_218' title='bbox 418 3377 445 3410; x_wconf 92' lang='grc' dir='ltr'><strong><em>τι</em></strong></span> <span class='ocrx_word' id='word_1_219' title='bbox 468 3355 565 3410; x_wconf 72' lang='lat' dir='ltr'>Naber</span> <span class='ocrx_word' id='word_1_220' title='bbox 587 3355 688 3409; x_wconf 84' lang='lat' dir='ltr'><strong>Mnem</strong></span> <span class='ocrx_word' id='word_1_221' title='bbox 710 3359 752 3423; x_wconf 78' lang='lat'><strong><em>30,</em></strong></span> <span class='ocrx_word' id='word_1_222' title='bbox 767 3361 819 3410; x_wconf 77' lang='lat'><strong><em>253</em></strong></span> <span class='ocrx_word' id='word_1_223' title='bbox 897 3363 913 3409; x_wconf 81' lang='grc' dir='ltr'>δ</span> <span class='ocrx_word' id='word_1_224' title='bbox 938 3354 1020 3411; x_wconf 87' lang='grc' dir='ltr'><strong><em>πόλιν</em></strong></span> <span class='ocrx_word' id='word_1_225' title='bbox 1045 3357 1120 3411; x_wconf 82' lang='grc' dir='ltr'><strong><em>αύτώ</em></strong></span> <span class='ocrx_word' id='word_1_226' title='bbox 1121 3355 1178 3411; x_wconf 90' lang='grc' dir='ltr'><strong><em>νΟ</em></strong></span> 
     </span>
     <span class='ocr_line' id='line_1_31' title="bbox 161 3422 1181 3569; baseline 0.001 -89"><span class='ocrx_word' id='word_1_227' title='bbox 161 3429 320 3569; x_wconf 50' lang='grc' dir='ltr'><strong><em>φηηφὲφὶηιεΒ</em></strong></span> <span class='ocrx_word' id='word_1_228' title='bbox 349 3425 430 3484; x_wconf 88' lang='grc' dir='ltr'><strong><em>πόλιν</em></strong></span> <span class='ocrx_word' id='word_1_229' title='bbox 459 3427 546 3496; x_wconf 76' lang='grc' dir='ltr'><strong><em>αὐτὴν</em></strong></span> <span class='ocrx_word' id='word_1_230' title='bbox 577 3443 599 3480; x_wconf 86' lang='grc' dir='ltr'><strong><em>ο.</em></strong></span> <span class='ocrx_word' id='word_1_231' title='bbox 623 3426 727 3480; x_wconf 78' lang='lat' dir='ltr'><strong>Reiske</strong></span> <span class='ocrx_word' id='word_1_232' title='bbox 809 3433 842 3480; x_wconf 78' lang='lat'><strong><em>22</em></strong></span> <span class='ocrx_word' id='word_1_233' title='bbox 871 3422 942 3495; x_wconf 84' lang='grc' dir='ltr'><strong><em>ἦσαν</em></strong></span> <span class='ocrx_word' id='word_1_234' title='bbox 968 3427 998 3481; x_wconf 77' lang='grc' dir='ltr'><strong><em>δὲ</em></strong></span> <span class='ocrx_word' id='word_1_235' title='bbox 1025 3429 1058 3482; x_wconf 82' lang='grc' dir='ltr'><strong><em>ού</em></strong></span> <span class='ocrx_word' id='word_1_236' title='bbox 1083 3425 1181 3481; x_wconf 90' lang='grc' dir='ltr'><strong><em>πολλοί</em></strong></span> 
     </span>
    </p>
   </div>
   <div class='ocr_carea' id='block_1_5' title="bbox 0 0 1339 3920">
    <p class='ocr_par' dir='ltr' id='par_1_5' title="bbox 0 0 1339 3920">
     <span class='ocr_line' id='line_1_32' title="bbox 0 0 1339 3920; baseline 0 0"><span class='ocrx_word' id='word_1_237' title='bbox 0 0 1339 3920; x_wconf 95' lang='lat' dir='ltr'><strong><em> </em></strong></span> 
     </span>
    </p>
   </div>
  </div>
 </body>
</html>
