2662 3920
593 201 748 250 -1-
1137 201 1176 264 77

158 323 195 388 δὲ
222 322 342 407 ταύτης
368 322 553 407 ἡγούμενος
579 334 638 409 τῆς
663 324 797 408 γνώμης
825 324 882 389 καί
911 327 1027 402 πείσας
1057 326 1179 402 αὐτοὺς

156 426 200 514 ἦν
222 428 420 514 Σίκκιος,.ὁ
447 432 526 506 τοὺς
553 428 591 496 ἐν
615 440 660 518 τῷ
684 431 776 518 δημφ
800 431 877 516 περὶ
899 441 958 516 τῆς
979 433 1179 518 κληρουχίας

157 537 304 604 διελθὼν
336 539 465 620 λόγους.
499 533 608 614 Αἔδοξε
641 533 762 603 δὀὖν
782 538 908 616 ἀὐτοῖς
938 540 976 604 τὸ
1008 539 1070 622 μὸν
1098 540 1219 607 άλλοδ

157 649 288 728 πλῆθος
305 653 373 709 τῶν
391 645 574 729 πατρικίων
592 642 701 729 ἐάσαι,
719 647 900 723 Κλοιλίους
921 646 1031 712 δὲκαὶ
1050 649 1180 711 Ποστο·

157 753 254 833 μίους
271 751 327 816 καί
345 753 586 836 Σεμπρωνίους
604 749 659 816 ἐπί
677 752 737 816 τὸν
755 752 862 836 δῆμον
885 754 991 837 άγειν,
1014 748 1063 819 ὧν
1081 751 1180 840 έπρα-
1212 777 1224 819 ι

158 855 218 935 ξαν
243 853 434 941 ὑφέξοντας
470 858 577 934 δίκας·
614 856 765 941 ἐγκαλεῖν
802 858 833 923 δ’
860 860 988 944 αὐτοῖς,
1025 861 1076 926 ὁτι
1112 871 1180 925 τῶν

79 981 146 1030 2102
160 965 258 1048 ίερῶν
289 966 413 1048 νόμων,
451 963 510 1042 οὓς
542 964 619 1050 περὶ
650 975 717 1030 τῶν
749 965 927 1052 δημάρχων
948 966 1128 1052 ’ἐκάρωσεν
1158 968 1178 1051 η

157 1073 263 1156 βουλὴ
286 1073 341 1137 καί
364 1071 382 1137 ὁ
407 1072 524 1156 δῆμος,
547 1071 668 1137 οὐδενί
691 1072 885 1139 δεδωκότων
905 1071 1060 1152 ἐξουσίαν
1080 1074 1180 1158 άναγ-
1250 1143 1259 1162 ‚

157 1178 266 1257 κάζειν
292 1181 371 1256 τοὺς
398 1179 588 1264 δημάρχους
617 1177 798 1262 ὑπομένειν
826 1203 859 1244 τι
887 1190 955 1245 τῶν
984 1180 1180 1267 ἀβουλήτων

158 1285 268 1371 ὥσπερ
297 1288 376 1363 τοὺς
403 1287 525 1363 άλλονς
553 1287 703 1370 πολίτας,
731 1285 853 1352 ἐκείνοι
880 1291 1098 1373 κατασχόντες
1122 1289 1180 1354 αὐ·
1198 1313 1224 1352 ιο

157 1395 235 1470 τοὺς
265 1390 436 1458 ἐκώλυσαν
466 1391 521 1456 ἐπί
549 1391 643 1468 τέλος
672 1392 767 1476 άμειν
793 1395 855 1478 την
882 1395 959 1480 περί
985 1404 1045 1460 τοῦ
1073 1399 1179 1478 νόμου

158 1499 348 1581 διάγνωσιν.
394 1500 516 1582 τίμημα
544 1495 574 1563 δ’
595 1497 702 1584 ἐφάνη
730 1509 802 1577 ταῖς
829 1500 937 1578 δίκαις
964 1500 1075 1587 ὁρίσαι
1100 1503 1219 1587 μητε4

157 1605 309 1670 θάνατον
331 1607 411 1689 μήτε
435 1607 549 1690 φυγην
571 1603 644 1690 μήτ’
663 1607 743 1672 άλλο
766 1605 959 1692 ἐπίφθονον
980 1609 1096 1694 μηδέν,
1124 1610 1180 1676 ἵνα

158 1713 201 1795 μη
234 1711 323 1776 τοῦτ’
350 1711 463 1788 αὐτοῖς
494 1711 630 1796 γένηται
661 1715 824 1799 σωτηρίας
857 1715 975 1800 αίτιον,
1007 1716 1091 1782 άλλδ
1122 1719 1180 1794 τάς

158 1819 274 1896 οὐσίας
302 1819 413 1884 αὐτῶν
442 1819 531 1904 ἱεράς
559 1813 645 1885 εἶναι
671 1824 863 1907 Δήμητρος,
892 1823 930 1888 τὸ
958 1824 1179 1909 μετριώτατον
1198 1844 1224 1884 ιτ

158 1924 383 2008 ἐκλεξαμένοις
414 1935 474 1992 τοῦ
506 1928 612 2010 νόμου
644 1927 751 2012 μέρος.
806 1928 933 2013 ἐγίνετο
970 1939 1088 2014 ταῦτα,
1124 1929 1218 1995 καὶὸ

157 2043 267 2118 παρῆν
300 2032 318 2098 ὁ
350 2035 486 2118 χρόνος,
519 2032 557 2100 ἐν
589 2026 617 2122 ᾧ
647 2036 706 2111 τάς
736 2037 819 2101 κατά
850 2047 918 2101 τῶν
945 2036 1080 2121 ἀνδρῶν
1112 2033 1180 2101 ἔδει

157 2145 392 2205 συντελεῖσθαι
420 2142 540 2218 δίκας·
572 2150 642 2218 τοίς
671 2138 709 2206 δ’,
725 2121 863 2219 ὑπάτοις
890 2143 945 2207 καί
972 2153 1039 2208 τῶν
1069 2143 1179 2208 άλλων

157 2249 339 2329 πατρικίων
365 2257 441 2324 τοῖς
472 2253 744 2332 παραληφθεῖσιν
776 2249 824 2325 είς
855 2250 892 2314 τὸ
926 2248 1106 2335 συνέδρων
1135 2287 1180 2294 -

158 2351 277 2438 ἔτυχον
304 2349 334 2428 δ’
356 2354 389 2418 οἱ
415 2353 584 2438 κράτιστοι
609 2353 878 2439 παρακληθέντες
901 2384 945 2402 -’-
968 2354 1076 2421 ἐδόκει
1100 2371 1179 2439 συγ·
1197 2378 1224 2417 ιο

157 2469 278 2545 χωρείν
295 2469 375 2537 Ὶτοῖς
403 2459 793 2546 δημάρχοιςέπιτελέσαι
822 2464 880 2539 τάς
910 2463 1019 2546 δίκας,
1050 2463 1106 2528 ἵνα
1135 2466 1179 2546 μή

75 2583 147 2632 2103
157 2589 189 2631 τι
220 2569 331 2648 μεῖζον
363 2567 572 2644 κωλυθέντες
594 2566 844 2654 ’ἐξερμάσωνται
875 2572 988 2654 κακόν,
1023 2571 1079 2635 καί
1110 2580 1180 2647 τοῖς

158 2675 314 2758 δημόταις
331 2672 534 2760 ἐπιτρέπειν
569 2673 836 2761 άγριαινομένοις
871 2677 931 2754 είς
955 2678 995 2744 τά
1031 2681 1180 2763 χρήματα

157 2791 224 2845 τῶν
253 2781 388 2867 ἀνδρῶν
418 2780 526 2867 ἐκχέαι
555 2783 617 2866 την
646 2786 759 2868 χολήν,
792 2784 848 2848 ἵνα
876 2785 1097 2870 τνδασάτεροι
1126 2783 1179 2867 γε’-

41 2974 43 2978 .
157 2911 281 2954 νωνται
316 2889 354 2954 τὸ
391 2892 525 2974 λοιπόν,
559 2892 719 2974 λαβόντες
758 2890 951 2975 ὁποσηνοῦν
987 2893 1076 2977 παρὰ
1111 2901 1179 2962 τῶν
1197 2910 1223 2950 ει

187 3109 188 3114 ’
230 3105 245 3153 2
273 3099 337 3167 περὶ
364 3104 414 3168 τῆς
440 3099 608 3172 κληρουχίας
633 3118 685 3156 om.
708 3103 733 3156 A
807 3109 824 3156 4
848 3099 1014 3164 κοιλίονςΑ
1039 3101 1094 3157 hoo
1116 3101 1178 3157 Ιοοο

159 3169 278 3240 aliisque
329 3169 447 3241 όδίκην
461 3174 486 3226 Α
505 3170 623 3235 δίκαςΒ
675 3171 1177 3247 κο1ς>Βομσ1ΝαοετΜσωα

158 3247 201 3308 30,
216 3247 268 3296 255
342 3248 375 3296 12
395 3242 486 3312 ἐφάνη
511 3244 564 3299 del.
587 3242 675 3299 Cobet
694 3244 758 3300 obs.
778 3263 805 3314 p.
822 3250 873 3298 197
895 3245 945 3298 sed
970 3244 1004 3300 cf.
1019 3244 1085 3298 VIII
1104 3251 1178 3311 24‚4

159 3313 230 3367 alias
253 3317 282 3368 οι
304 3313 393 3369 Cobet
415 3314 480 3369 Obs.
499 3321 596 3384 11159
670 3321 704 3369 20
723 3323 875 3386 συγχωρεῖν
894 3332 948 3370 om.
968 3317 994 3369 A
1066 3322 1099 3371 21
1120 3315 1178 3369 έπε-

157 3381 365 3441 τελέσασδαιΒ
391 3383 545 3441 ἐπιτελέσαι
562 3387 588 3440 Β,
613 3387 648 3443 cf.
670 3385 696 3440 X
717 3393 792 3453 18‚4
869 3392 902 3441 25
929 3383 1036 3454 ὁπόσην
1062 3396 1131 3456 χοῦν
1155 3386 1177 3440 Ο

158 3453 266 3523 ὁπόσην
280 3453 331 3510 οὸν
346 3455 377 3510 G.
388 3456 498 3527 Kn'iger
510 3457 598 3512 Index
611 3477 652 3528 gr.
667 3477 707 3528 gr.
724 3464 793 3514 1877
807 3477 834 3528 p.
846 3464 898 3513 263
924 3459 927 3531 ί
952 3457 1021 3526 παρ’
1034 3456 1177 3528 ἐχθρῶν-Β
