2654 3916
443 717 852 818 EXOERPTA

622 899 672 954 EX
764 942 766 948 ,

388 1047 546 1121 LIBRIS
573 1048 677 1121 XVII
705 1051 744 1122 et
770 1047 901 1121 XVIII.

590 1243 696 1252 ———

50 1418 148 1468 2328.
203 1399 228 1468 L
251 1399 397 1490 (16,11)
420 1398 492 1467 Ὅτι
522 1401 539 1468 ὁ
570 1402 773 1478 Σαυνιτικὸς
802 1395 903 1479 αὖθις
933 1400 1157 1488 ἀνερριπίσθη

128 1510 276 1592 πόλεμος
307 1508 372 1574 ύπὸ
405 1509 559 1593 τοιαύτης
594 1510 700 1586 αἰτίας
737 1507 927 1593 ἀρξάμενος.
982 1510 1063 1592 μετὰ
1098 1510 1157 1586 τὰς

128 1615 296 1700 σπονὸύς,
324 1615 363 1694 ἃς
390 1614 589 1700 ἐποιήσαντο
616 1617 700 1700 πρὸς
727 1616 789 1700 την
808 1613 975 1699 Ῥωμαίων
997 1617 1097 1682 πόλιν
1124 1617 1157 1682 ol

133 1727 314 1807 Σαυνῖται,
348 1724 473 1808 χρόνον
504 1722 623 1807 ὀλίγον
654 1721 845 1808 ἐπισχόντες
877 1721 932 1790 ἐπί
962 1725 1157 1802 Λευκανούς

133 1827 357 1916 ἐστράτευσαν
386 1828 530 1915 ὁμόρους
564 1830 664 1907 ὄντας
699 1828 736 1896 ἐκ
769 1835 911 1908 παλαιᾶς
938 1854 1030 1908 τινος
1056 1829 1188 1916 ὁρμηι

132 1936 251 2015 θέντες
278 1934 411 2024 ἔχθρας.
457 1934 528 2004 κατ’
546 1937 649 2024 ἀρχὰς
676 1937 738 2020 μὲν
761 1931 824 2002 οὖν
847 1947 919 2013 ταῖς
946 1936 1075 2004 ἐαυτῶν
1098 1939 1196 2004 δυ-2

131 2044 250 2127 νύμεσι
280 2046 498 2123 ’πιστεύοντες
535 2047 568 2111 οἱ
604 2044 772 2111 Λευκανοὶ
808 2046 868 2109 τόν
905 2042 969 2129 [τε]
1010 2046 1157 2126 πόλεμον

48 2169 121 2218 2329
132 2150 304 2236 διέφερον·
335 2150 373 2217 ἐν
403 2152 545 2228 ἁπάσαις
574 2151 612 2217 ὁὸ
641 2159 910 2234 μειονεκτοῦντες
938 2159 1011 2228 ταῖς
1038 2150 1157 2235 μάχαις

131 2257 187 2322 καλ
210 2258 318 2322 πολλὰ
337 2257 400 2340 μὲν
417 2257 663 2334 ἀπολωλεκότες
680 2257 745 2341 ἤδη
762 2258 878 2343 χωρία,
900 2257 1157 2335 κινδυνεύοντες

132 2363 170 2429 δὲ
192 2363 248 2428 καί
270 2364 348 2448 περὶ
370 2372 428 2448 τῆς
451 2365 552 2449 ὁίλλης
574 2373 636 2448 γῆς
658 2363 801 2449 ἁπάσης,
832 2362 886 2430 ἐπί
908 2365 971 2449 την
989 2361 1156 2447 Ῥωμαίων
1174 2389 1200 2428 ιο

131 2473 296 2556 βοήθειαν
324 2470 588 2556 ἠναγκάσθησαν
619 2481 837 2557 καταφυγεῖν,
872 2472 1063 2550 συνειδότες
1093 2472 1156 2556 μὲν

66 2608 70 2616 ·*
131 2576 262 2656 ἑαυτοῖς
303 2575 519 2660 ἐψευσμένοις
560 2577 600 2656 ὁλς
635 2580 800 2665 πρότερον
836 2576 1035 2664 ἐποιήσαντο
1071 2582 1155 2666 πρὸς

131 2685 255 2763 αὐτοὺς
282 2683 475 2771 ὁμολογίας,
503 2684 541 2752 ἐν
563 2678 616 2764 αὸς
644 2688 762 2771 φιλίαν
785 2686 970 2753 συνέθεντο
993 2687 1050 2752 καί
1072 2702 1155 2768 συμ-

131 2794 264 2878 μαχίαν,
287 2793 350 2859 ούιι
373 2792 576 2876 ἀπογνόντες
599 2793 637 2859 ὁὸ
660 2795 855 2877 συμπείσειν
879 2793 1015 2877 αύτούς,
1038 2791 1098 2858 ἐὰν
1121 2791 1154 2871 ἐξ

132 2897 261 2984 ἁπάσης
279 2899 365 2986 [τῆς]
384 2901 512 2978 πόλεως
529 2903 608 2978 τοὺς
627 2898 909 2986 ἐπιφανεστάτους
932 2900 1053 2977 παῖδας
1076 2898 1155 2984 ὁμη-
1173 2920 1199 2962 ιι

132 3030 213 3091 ρους
245 3007 311 3090 ἅμα
343 3017 413 3085 τοῖς
444 3010 664 3093 πρεσβευταῖς
695 3006 948 3073 ἀποστείλωσιν·
986 3007 1067 3092 ὅπερ
1098 3007 1155 3074 καί

203 3187 219 3237 5
239 3179 377 3252 ύμύρρους
391 3183 414 3238 Ο
429 3201 496 3238 corr
512 3182 631 3238 Ursinus
655 3182 658 3255 I
683 3181 855 3254 ὁρμηθέντες
868 3183 919 3237 ΒΕ
938 3179 1116 3254 ὁρμηθέντας
1129 3185 1155 3238 R

132 3259 146 3306 ’ῖ
165 3250 263 3308 τόντε
282 3254 306 3309 0
328 3255 374 3310 vol
396 3256 476 3310 deest
498 3270 608 3309 comma
631 3255 787 3325 quodpiam
809 3255 854 3310 vel
876 3255 937 3310 sine
954 3275 984 3309 τε
1002 3255 1154 3326 legendum

130 3321 180 3380 τὸν
198 3322 319 3394 πόλεμον
339 3342 361 3380 ο
378 3325 501 3397 Sylburg
573 3331 588 3380 9
607 3325 658 3396 μλν
677 3342 730 3380 om
746 3327 771 3380 V
792 3327 795 3399 1
818 3324 1022 3390 ἀπολελυκότες
1041 3327 1064 3382 Ο
1083 3343 1152 3382 corr.

131 3394 149 3448 S
150 3395 255 3466 lbur
309 3403 343 3451 14
363 3407 511 3468 συμπεσεῖν
531 3396 553 3452 Ο
573 3414 642 3452 corr.
661 3397 780 3458 UrsInus
836 3403 869 3452 15
888 3405 937 3468 τῆς
958 3397 1011 3453 del.
1031 3397 1155 3469 Sylburg

131 3413 170 3522 τέ.
185 3415 294 3536 Jacoby
312 3468 378 3523 Aur.
396 3469 492 3539 Progr
510 3487 539 3539 p
555 3475 588 3524 23
