2656 3932
575 157 804 251 —1a—'
1111 201 1174 265 εει

155 323 268 406 μένοις
304 321 470 389 ἐκέλευον·
510 321 528 388 ό
566 323 603 388 δὲ
639 323 809 400 Κλαύδιος
845 321 1083 407 ἐπιλαβόμενος
1120 334 1177 408 τῆς

154 432 274 508 παιδὸς
302 429 443 514 ἀπάγειν
470 429 626 513 ἐβούλετο
654 439 714 496 τοῦ
741 432 841 496 θείου
868 431 924 496 καλ
951 440 1011 496 τοῦ
1034 441 1177 516 μνηστῆ-

156 562 214 620 ρος
237 535 469 622 ἀντεχομένην.
517 537 644 613 ίδόντες
666 537 705 602 δὲ
726 536 854 613 πένθος
876 535 1023 603 έλεεινὸν
1045 539 1078 604 οί
1100 539 1177 624 περί

154 647 192 710 τὸ
220 648 309 729 βῆμα
336 644 458 721 πάντες
484 640 671 728 ἀνέκραγον
699 644 765 726 ἀμα
791 643 847 708 καλ
874 643 952 730 παρ’
969 645 1071 710 οὐδὲν
1097 647 1176 730 ἡγη-

155 752 293 834 σάμενοι
319 753 381 835 την
407 759 468 816 τοῦ
495 759 698 835 κρατοῦντος
724 748 880 828 ἐξουσίαν
907 751 1078 817 ὠθοῦνται
1108 762 1177 830 τοῖς
1209 774 1221 814 ε

155 857 362 941 βιαζομένοις
389 857 503 940 ὁμόσε,
531 857 615 922 ὥστε
643 857 799 923 δείσαντα
826 859 888 942 την
918 856 1085 944 ἐπιφοράν
1117 861 1176 924 αὐ·

37 977 42 987 “
155 977 222 1031 τῶν
253 966 314 1030 τὸν
346 964 520 1030 Κλαύδιον
551 966 613 1047 τήν
644 987 680 1028 τε
711 966 817 1048 κόρην
848 961 985 1050 ἀφεῖναι
1020 967 1076 1031 καλ
1109 966 1176 1032 ἀπὸ

155 1075 234 1150 τοὺς
261 1072 367 1148 πόδας
392 1080 453 1136 τοῦ
477 1081 664 1154 στρατηγοῦ
687 1081 903 1156 καταφυγεῖν.
949 1071 967 1137 δ
991 1070 1022 1137 δ’
1036 1071 1215 1150 Ἄππιοςῗ

147 1181 318 1264 καταρχὰς
349 1177 411 1260 μέν
442 1178 490 1254 είς
521 1178 650 1262 πολλὴν
678 1179 825 1263 ταραχὴν
852 1177 990 1263 κατέστη
1017 1181 1177 1265 ἠγριωμέ-

155 1310 237 1363 νους
265 1285 413 1362 ἅπαντας
443 1283 533 1369 δρῶν
561 1285 617 1349 καλ
646 1287 755 1350 πολὺν
784 1285 902 1370 ἠπόρει
930 1289 1065 1370 χρόνον,
1097 1288 1115 1352 ό
1146 1311 1177 1352 τι
1197 1309 1222 1348 ιο

51 1461 56 1472 ,
154 1394 217 1478 χρη
241 1401 360 1474 ποιεῖν,
384 1388 496 1456 ἔπειτα
518 1391 578 1456 τὸν
596 1391 770 1457 Κλαύδιον
788 1392 928 1470 καλέσας
951 1391 1005 1458 ἐπὶ
1027 1395 1065 1458 τὸ
1088 1397 1177 1478 βημα

155 1500 211 1564 καλ
237 1501 337 1584 μικρδ
365 1498 554 1582 διαλεχθείς
581 1499 665 1581 πρὸς
692 1498 795 1564 αὐτὸν
823 1500 867 1577 ὡς
895 1498 1018 1583 ἐδόκει,
1045 1509 1116 1577 τοῖς
1141 1523 1177 1565 τε

154 1617 350 1688 περιεστῶσι
366 1606 571 1689 διασημήνας
588 1605 731 1689 ἡσυχίαν
746 1616 929 1692 παρασχεῖν
946 1606 1034 1691 λέγει
1052 1607 1176 1672 τοιάδε·

71 1714 237 1796 εειοἝγὼ
266 1714 304 1778 τὸ
331 1713 393 1794 μὲν
420 1711 566 1796 ἀκριβές,
596 1708 623 1778 δε
650 1713 804 1797 δημόται,
832 1714 908 1799 περί
935 1723 993 1798 τῆς
1024 1709 1217 1798 διεγγυη-3

155 1835 239 1896 σεως
265 1829 325 1885 τοῦ
354 1820 517 1902 σώματος,
543 1818 658 1903 ἐπειδη
686 1820 955 1904 τραχυνομένους
982 1820 1067 1904 ὑμᾶς
1093 1823 1177 1905 πρὸς
1196 1840 1222 1882 ιε

154 1928 216 2010 τὴν
239 1925 410 2011 ἀπόφασιν
433 1925 516 2011 δρῶ,
543 1928 696 2011 παρίημι·
724 1929 918 2012 χαρίζεσθαι
940 1927 971 1992 δ’
989 1927 1070 2010 ὑμῖν
1097 1931 1177 2010 βου-

155 2037 293 2116 λόμενος
315 2033 453 2099 πέπεικα
475 2035 536 2099 τὸν
558 2032 703 2116 ἐμαυτοῦ
726 2035 872 2118 πελάτην
899 2033 994 2100 ἐᾶσαι
1020 2034 1082 2116 μὲν
1107 2044 1177 2110 τοῖς

155 2140 333 2224 συγγενέσι
355 2151 414 2225 τῆς
436 2139 611 2225 παρθένου
635 2141 756 2205 δοῦναι
773 2142 835 2224 την
854 2141 1060 2224 διεγγύησιν,
1079 2138 1176 2216 ἕωςό

154 2249 262 2332 πατηρ
292 2248 394 2330 αὐτῆς
423 2246 656 2332 παραγένηται.
709 2245 880 2330 ἀπάγεσθε
910 2241 984 2330 οὖν,
1014 2243 1040 2312 ὦ
1070 2248 1216 2328 Νόμα-4

155 2354 267 2438 τάριε,
299 2356 360 2438 τὴν
391 2356 506 2438 κόρην,
537 2353 593 2418 καί
625 2354 687 2436 τὴν
718 2351 844 2436 ἐγγύην
876 2352 1066 2437 ὁμολογεῖτε
1100 2354 1177 2439 περὶ
1196 2374 1222 2414 εο

155 2461 257 2546 αὐτῆς
284 2462 331 2537 είς
358 2461 419 2544 τὴν
447 2461 567 2544 αύριον
588 2459 724 2544 ἡμέραν.
769 2457 898 2544 ἀπόχρη
925 2461 989 2544 γάρ
1015 2460 1033 2526 ό
1056 2464 1177 2546 χρόνος

154 2568 235 2651 ὑμῖν
254 2563 352 2644 οὗτος
371 2567 569 2650 ἀπαγγεῖλαί
585 2589 620 2632 τε
640 2567 826 2653 Οὐεργινίῳ
846 2571 988 2652 τημερον
1003 2569 1057 2634 καλ
1074 2580 1177 2653 τριῶν

154 2676 175 2759 ἣ
202 2675 368 2761 τεττάρων
395 2674 493 2758 ὡρῶν
516 2674 635 2759 αύριον
658 2672 695 2739 έκ
722 2681 782 2739 τοῦ
805 2673 948 2758 χάρακος
971 2675 1073 2760 δεῦρο
1097 2675 1177 2759 ἀγα-

155 2793 236 2865 γεῖν.
282 2784 420 2848 πλείονα
443 2778 474 2846 δ’
492 2780 603 2847 αὐτῶν
626 2783 750 2866 χρόνον
773 2780 980 2864 αἰτουμένων
1003 2781 1105 2847 οὐδέν
1129 2779 1177 2846 ἔτι

157 2889 418 2975 ἀποκρινάμενος
441 2887 561 2972 ἀνέστη
584 2889 640 2953 καί
662 2890 723 2953 τὸν
745 2889 871 2975 δίφρον
893 2887 1067 2954 ἐκέλευσεν
1090 2884 1175 2973 ἆραι.
1195 2873 1236 2947 2⁵¹

228 2995 376 3062 XXXIII.
394 2995 450 3072 Ὡς
473 2992 504 3059 δ’
523 2995 676 3078 ἀπῆλθεν
698 2992 735 3060 έκ
762 3006 820 3080 της
847 2995 970 3080 ἀγοράς
998 2995 1176 3079 ἀδημονῶν

157 3102 212 3167 καλ
229 3105 427 3186 μαινόμενος
444 3101 510 3168 ὑπὸ
529 3110 590 3167 τοῦ
608 3101 755 3186 πάθους,
774 3098 859 3186 ἔγνω
878 3101 992 3185 μηκέτι
1010 3101 1176 3184 μεθέσθαι

229 3246 245 3295 8
263 3239 370 3304 πένθος
385 3241 407 3296 0
426 3240 522 3304 πάθος
535 3239 678 3309 KIessling
737 3245 769 3294 17
785 3239 867 3296 ἐᾶσαι
880 3240 930 3310 μέν
944 3249 1003 3302 τοῖς
1016 3238 1175 3311 συγγενέσιν

156 3312 208 3381 τὴν
228 3309 383 3381 παρθένον,
402 3315 504 3367 δοῦναι
522 3312 553 3366 δὲ
572 3311 702 3382 ίγγύησιν
725 3327 747 3366 ο.
768 3310 891 3366 Sintenis
915 3311 975 3367 Em.
997 3312 1077 3366 Dion.
1097 3312 1175 3365 1110

158 3389 192 3438 23
216 3384 295 3450 ὡρῶν
318 3383 418 3450 αύριον
441 3382 464 3438 Ο
492 3384 572 3451 ὡρῶν
595 3380 682 3438 αύτδν
707 3382 850 3452 Kiensling
921 3389 954 3436 27
978 3387 1131 3452 μεθεῖοθαι
1152 3383 1175 3436 Ο

157 3453 310 3526 μεθίεσθαι
329 3453 451 3524 Sylburg
469 3458 622 3524 μυθεῖσθαι
640 3453 743 3508 Reiske
