2654 3916
573 229 742 280 —K-
1103 228 1169 293 323

149 354 308 440 ἐδηλοῦτο
337 353 467 436 μέλλων
495 351 512 418 δ
540 353 697 436 βασιλεῦς
724 351 940 419 ἀποστέλλειν
965 350 1020 418 έπλ
1046 353 1084 419 τὸ
1103 350 1172 438 Ῥί-

148 486 225 547 γιον
247 463 487 538 πεντακοσίους
509 459 710 546 στρατιώτας
731 459 776 536 ὡς
796 458 1087 544 καταληψομένους
1109 461 1171 544 τὴν

149 573 259 654 πόλιν,
300 566 446 646 ἀνοίξειν
486 565 725 652 ὑπεσχημένων
766 566 880 644 αὐτοίς
913 563 1073 651 Ῥηγίνων
1113 569 1172 646 τὰς

148 678 264 754 πάλας.
321 674 417 752 Τινὲς
445 673 507 756 μὲν
537 672 673 757 λέγουσι
704 673 764 738 τδν
792 674 1076 758 γραμματηφόρον
1105 673 1211 740 ὑπὸ6

152 783 338 868 Φαβρικίου
360 789 421 847 τοῦ
444 779 575 846 ὑπάτου
597 782 681 846 κατὰ
699 780 851 865 σπουδὴν
869 779 1087 864 ἀπεστάλθαι,
1109 782 1172 865 τὴν
1204 802 1217 846 ι

149 889 180 955 δ’
197 887 375 974 ἐπιστολὴν
392 897 497 954 ταῦτα
519 887 696 974 περιέχειν,
718 886 739 952 ἀ
761 897 866 975 μικρῷ
889 889 1054 974 πρότερον
1074 883 1172 973 ἔφην,

148 996 204 1062 καί
230 1005 408 1083 παραινείν
430 997 541 1084 Δεκίφ
569 995 701 1080 φθάσαι
728 991 807 1072 τοὺς
829 991 1012 1079 Ῥηγίνους·
1041 991 1107 1081 ἔχει
1135 995 1173 1061 δὲ

149 1106 253 1189 λόγον
282 1102 464 1189 ἀμφότερα.
512 1098 616 1180 ἔδειξε
645 1102 688 1187 δη
717 1109 820 1166 ταῦτα
849 1111 919 1179 τοῖς
948 1100 986 1167 ἔν
1015 1113 1061 1189 τφ
1091 1118 1173 1168 συν-

149 1213 250 1300 εδρίφ
279 1219 439 1297 παροῦσι,
469 1208 525 1274 καί
555 1205 627 1276 ἔπεί
656 1209 792 1294 τάχιστα
818 1206 880 1286 νὺξ
910 1206 1057 1294 ἐγένετο,
1087 1207 1173 1296 φρά-

150 1336 267 1398 σαντες
303 1318 336 1383 οί
371 1314 597 1402 ταγματάρχαι
633 1325 703 1393 τοίς
739 1316 852 1392 ἀλλοις
886 1315 1114 1400 στρατιώταις,
1151 1315 1217 1382 διο

149 1427 344 1492 διενοοῦντο
380 1422 548 1510 πράττειν,
588 1419 643 1490 ἔπλ
678 1423 737 1500 τάς
773 1423 880 1499 οἰκίας
914 1431 983 1486 τῶν
1013 1419 1172 1508 Ῥηγίνων

149 1530 309 1618 ἐχώρουν,
341 1531 397 1596 καί
427 1531 508 1606 τοὺς
541 1529 603 1612 μέν
634 1528 886 1614 εὐωχουμένους
921 1525 984 1613 ἔτι,
1019 1531 1099 1606 τοὺς
1134 1529 1173 1595 δὲ

148 1637 375 1722 κοιμωμένους
405 1638 649 1720 καταλαβόντες
681 1633 719 1702 έν
749 1645 820 1714 τοίς
853 1636 951 1713 ίδίοις
986 1637 1172 1720 κατασφάτ-

149 1760 267 1812 τουσιν
285 1742 451 1828 ἐφεστίοις
471 1741 732 1828 ἀντιβολοῦντας
753 1744 810 1810 καί
832 1745 951 1828 γόνασι
974 1750 1173 1829 προσκυλιο-

149 1851 271 1935 μένους
297 1852 353 1918 καλ
378 1847 459 1918 ἀνθ’
478 1850 557 1918 ὅτου
581 1859 685 1917 ταῦτα
707 1849 873 1936 πάσχουσι
895 1857 1018 1934 μαθεῖν
1041 1849 1173 1930 ἀξιοῦν·
1191 1871 1216 1912 ιι

148 1981 222 2044 τας,
258 1959 336 2025 οῦτε
371 1959 501 2045 ἡλικίας
537 1959 615 2025 οὔτε
649 1958 750 2043 τόχης
782 1957 938 2039 οὐδεμιᾶς
970 1957 1172 2042 φειδόμενοι.

150 2067 376 2152 φονεύσαντες
398 2065 436 2133 δδ
458 2068 538 2144 τοὺς
560 2063 687 2151 άνδρας
709 2061 758 2128 ἔτι
785 2063 977 2148 δεινότερον
1000 2059 1100 2147 ἔργον
1123 2062 1210 2142 έξ-’ί

150 2173 362 2258 ειργάσαντο,
387 2173 445 2250 τάς
471 2195 507 2237 τε
535 2171 643 2256 <γδρ>
672 2179 834 2254 γυναῖκας
855 2179 924 2235 τῶν
948 2169 1044 2235 ίδίων
1067 2165 1173 2248 ξένων

149 2279 287 2356 καὶτὰς
314 2277 507 2364 παρθένους
534 2278 721 2361 διελόμενοι
749 2286 900 2362 συνῆσαν
923 2276 1095 2361 ἀκούσαις,
1124 2271 1173 2343 ών

150 2387 228 2464 τοῦς
255 2383 398 2469 πατέρας
422 2384 478 2450 καί
501 2387 579 2462 τοὺς
603 2385 729 2471 ἀνδρας
752 2382 790 2450 ἔν
813 2383 1003 2470 ὀφθαλμοῖς
1026 2383 1173 2450 ἀπέκτει-
1190 2405 1217 2447 ιο

149 2517 223 2560 ναν.
269 2489 390 2568 Δέκιος
417 2490 456 2556 δέ
482 2491 558 2557 ἀντὶ
586 2491 803 2578 φρουράρχου
833 2492 999 2578 τύραννος
1025 2488 1211 2577 ἔγεγόνει8

149 2611 208 2687 της
226 2597 385 2684 Ῥηγίνων
408 2598 549 2683 πόλεως,
571 2598 627 2664 καί
650 2599 874 2684 λογιζόμενος,
902 2599 953 2665 ὅτι
980 2598 1079 2664 δώσει
1099 2597 1173 2686 Ῥω-1

150 2709 260 2790 μαίοις
292 2699 340 2772 ών
372 2701 491 2792 ἔδρασε
523 2705 632 2790 δίκας,
668 2708 866 2788 Καμπανοίς
897 2715 967 2784 τοῖς
998 2705 1173 2790 κατέχουσι

151 2817 337 2900 Μεσσήνην
364 2813 553 2898 συμμαχίαν
574 2813 705 2878 τίθεται
731 2814 890 2898 μεγίστην
915 2813 1013 2898 ίσχῦν
1039 2821 1107 2877 τῶν
1135 2809 1173 2878 ἔν
1297 2797 1300 2803 ’

151 2921 290 3007 Σικελίᾳ
308 2921 438 2986 πόλεων
457 2915 580 3004 ἔχουσι,
602 2919 659 2986 καί
681 2920 743 3005 τὴν
761 2922 861 2986 πόλιν
880 2919 936 2984 διά
959 2922 1083 3003 πολλῆς
1106 2911 1173 3004 είχε
1191 2939 1217 2980 ει

153 3028 311 3110 φυλακῆς.
355 3027 428 3092 Εεσ.

225 3276 240 3324 1
266 3266 372 3339 μέλλειν
397 3273 468 3340 Ena,
497 3273 546 3328 sed
572 3289 636 3328 oum
660 3271 764 3343 μέλλων
787 3272 915 3328 Ambros.
938 3271 1058 3341 habeat,
1082 3271 1173 3328 Peder

152 3341 308 3397 rectissime
326 3358 342 3397 ε
362 3345 422 3398 cod.
437 3343 530 3398 Ambr.
547 3343 601 3399 hoc
619 3347 726 3414 recepit
779 3351 796 3400 4
814 3343 888 3407 τινες
905 3343 956 3414 μέν
975 3339 1026 3400 οόν
1045 3361 1068 3399 ο.
1083 3343 1173 3399 Εἐδοο

154 3418 169 3467 ’ί
189 3411 314 3483 φθάσειν
332 3413 392 3468 Εεο.
413 3414 527 3484 φθάσαι
545 3415 636 3471 Foder
705 3421 737 3470 11
758 3418 903 3471 διενοῦντο
921 3414 983 3470 Εεο.
999 3432 1068 3470 corr.
1082 3411 1173 3470 Pede}

154 3489 188 3539 18
206 3483 260 3556 γὰρ
280 3483 345 3540 εδδ.
365 3483 530 3543 dubitanter
547 3487 638 3544 Foder
709 3493 742 3542 21
762 3487 806 3561 δὲ]
825 3486 861 3559 δὴ
881 3505 903 3542 ο.
918 3487 1062 3558 Kiessling

958 3593 1012 3648 21·
