2656 3932
169 227 232 291 164
583 257 616 266 -
654 231 694 282 M
730 258 764 268 -

166 351 361 416 ἀποδίδοται
375 349 543 434 Ῥωμαίοις
564 353 705 437 δίκαιον,
728 355 758 419 εί
780 355 835 419 καί
858 357 902 440 μή
925 364 1028 421 πᾶσιν
1051 355 1186 440 ἀνθρύ-

165 481 254 542 ποις,
287 459 436 540 σώματος
467 461 514 537 είς
544 461 700 526 δουλείαν
732 459 765 538 ἐξ
796 460 990 546 ἐλευθερίας
1018 462 1184 546 ἀγομένου

164 567 207 649 μή
235 565 296 630 τὸν
320 565 572 651 ἀφαιρούμενον
599 569 660 652 τήν
688 566 895 652 ἐλευθερίαν,
923 569 1007 635 ἀλλά
1034 571 1094 636 τὸν
1120 595 1184 654 φυ-

124 673 145 737 4
165 672 325 738 λάττοντα
341 673 460 757 κύριον
478 669 565 740 εἶναι
583 673 677 760 μέχρι
696 675 797 758 δίκης.
834 671 899 760 ἔφη
922 699 957 740 τε
980 677 1036 741 διά
1059 679 1184 754 πολλάς

132 780 270 856 εαίτίας
298 784 478 865 προσήκειν
507 793 552 868 τῷ
577 778 703 868 Ἀππίφ
733 781 913 866 φυλάττειν
940 792 1039 848 τοῦτο
1067 786 1104 850 τὸ
1133 785 1184 850 δί-

162 907 270 951 καιον·
304 897 437 972 πρῶτον
467 888 529 970 μὲν
561 889 613 954 δτι
643 890 703 953 τὸν
735 891 841 970 νόμον
873 898 992 955 τοῦτον
1019 891 1086 973 ἀμα
1113 901 1265 968 τολςεεεο

163 994 277 1070 ἀλλοις.
302 991 339 1059 ἐν
365 1005 437 1070 ταῖς
464 983 593 1061 δώδεκα
616 994 743 1072 δέλτοις
763 994 970 1079 ἀνέγραψεν·
999 989 1107 1066 ἔπειθ’
1130 994 1183 1064 ὅτι

161 1109 219 1184 τῆς
251 1101 468 1186 δεκαδαρχίας
497 1103 643 1186 ἡγεμών·
675 1103 758 1186 πρὸς
790 1102 828 1168 δὲ
859 1104 989 1180 τούτοις
1020 1099 1073 1168 ὅτι
1101 1107 1182 1186 μετά

161 1197 218 1291 της
241 1207 400 1292 ὑπατικῆς
423 1207 573 1287 ἐξουσίας
596 1210 651 1274 καί
668 1211 731 1293 τήν
749 1209 934 1295 δημαρχίαν
953 1215 1181 1297 προσειλήφει,

118 1336 143 1375 ιο
160 1310 199 1397 ής
229 1309 315 1380 είναι
343 1315 520 1400 κράτιστον
550 1313 650 1400 ἔργον
678 1325 748 1393 τοῖς
775 1316 935 1383 ἀσθενέσι
962 1319 1017 1383 καί
1047 1317 1182 1403 ἐρήμοις

121 1421 227 1486 ὅτων
254 1427 399 1488 πολιτῶν
426 1426 576 1507 βοηθεῖν.
620 1418 719 1506 ήξίου
744 1447 779 1488 τε
804 1425 866 1508 τήν
888 1436 1181 1510 καταπεφευγυλαν

160 1525 210 1593 ἐπ’
242 1529 345 1594 αὐτὸν
382 1528 513 1612 ἐλεῆσαι
548 1529 733 1614 παρθένον,
769 1531 891 1614 μητρὸς
917 1531 988 1613 ’μὲν
1025 1531 1180 1618 ὀρφανὴν

160 1629 265 1700 οὖσαν
286 1632 334 1700 ἔτι
358 1636 473 1717 πάλαι,
497 1623 620 1721 πατρὸς
643 1635 673 1700 δ’
691 1633 814 1722 ἔρημον
835 1635 872 1702 ἐν
893 1647 938 1724 τῷ
961 1640 1035 1703 τότε
1059 1641 1179 1727 χρόνῳ,
1283 1639 1286 1648 ’

159 1743 425 1806 κινδυνεύουσαν
453 1743 493 1808 ού
521 1743 696 1828 χρημάτων
724 1743 994 1828 ἀποστερηθῆναι
1021 1765 1179 1830 προγονι·

113 1855 140 1908 ἰι
159 1858 237 1930 κων,
261 1845 356 1912 ’ἀλλά
387 1849 442 1912 καί
475 1845 597 1933 ἀνδρὸς
628 1851 683 1915 καί
715 1851 874 1934 πατρίδος
905 1852 960 1916 καί
992 1850 1010 1916 δ
1043 1853 1178 1918 πάντων

158 1954 325 2038 μέγιστονΙ
343 1945 429 2021 εἶναι
459 1955 550 2020 δοκεῖ
581 1967 648 2021 τῶν
680 1956 906 2040 ἀνθρωπίνων
938 1957 1088 2043 ἀγαθῶν,
1120 1970 1178 2044 τῆς

154 2071 217 2125 ’τού
232 2063 381 2142 σώματος
395 2060 596 2145 ἐλευθερίας.
633 2052 925 2145 ἀνακλαυσάμενος
939 2065 977 2130 δὲ
990 2067 1051 2151 τήν
1065 2066 1177 2152 ὕβριν,

158 2163 205 2244 είς
231 2169 278 2253 ήν
297 2157 432 2252 ἔμελλεν
452 2170 474 2253 ή
498 2179 575 2246 παῖς
597 2170 908 2255 παραδοθήσεσθαι,
931 2173 986 2236 καί
1008 2175 1118 2239 πολὺν
1141 2167 1177 2239 ἐκ

152 2287 223 2340 τῶν
255 2267 431 2360 παρόντων
462 2280 600 2361 κινήσας
632 2273 726 2342 ἔλεον
757 2278 834 2362 περί
865 2288 925 2343 τοῦ
957 2281 1082 2364 χρόνου
1119 2291 1176 2365 τῆς

112 2356 251 2484 ξδίκης
276 2371 340 2466 ἔφη
368 2388 544 2448 τελευτῶν·
570 2380 703 2468 Ἐπειδή
731 2394 865 2469 ταχεῖαν
893 2375 993 2470 αὐτῆς
1020 2387 1176 2470 βούλεται

156 2488 315 2571 γενέσθαι
345 2489 407 2572 τήν
439 2491 551 2572 κρίσιν
582 2491 767 2575 Κλαύδιος,
804 2491 822 2556 ὁ
858 2492 963 2576 μηδὲν
994 2493 1175 2578 ήδικήσθαι

156 2595 303 2678 φάμενος
330 2593 367 2660 ἐν
394 2605 464 2672 τοῖς
491 2590 724 2664 πεντεκαίδεκα
754 2595 872 2682 ἔτεσιν,
902 2598 1013 2682 ἕτερος
1041 2601 1103 2683 μὲν
1133 2602 1175 2668 ἀν

154 2712 204 2780 τίς
225 2701 310 2786 ὑπὲρ
332 2703 537 2786 τηλικούτων
558 2701 797 2788 ἀγωνιζόμενος
816 2707 910 2772 δεινά
928 2707 1068 2792 πάσχειν
1086 2705 1174 2786 ἔλεξε
1184 2727 1256 2778 2236

149 2811 209 2874 καὶ
231 2809 408 2894 ἠγανάκτει
430 2811 512 2874 κατά
534 2809 572 2876 τὸ
596 2812 697 2895 είκός,
720 2809 802 2878 ὅταν
825 2814 939 2899 εἰρήνη
960 2813 1097 2898 γίνηται
1119 2815 1174 2880 καί

110 2938 135 2976 ιε
149 2917 273 2994 ’πάντες
300 2913 446 2982 ἔλθωσιν
459 2906 461 2910 ’
474 2918 507 2982 ολ
534 2926 599 2982 νῦν
626 2918 720 2995 ὄντες
748 2917 802 2984 ἐπί
829 2920 1071 3005 στρατοπέδου,
1100 2924 1174 2988 τότε

226 3134 241 3185 1,
260 3126 431 3182 ἀποδέδοται
449 3144 471 3182 υ.
486 3127 641 3198 Kiessling,
660 3129 763 3184 Reiske
785 3133 876 3192 totum
898 3131 990 3186 locum
1009 3133 1049 3186 sic
1069 3134 1172 3187 consti·
1212 3144 1215 3152 ·

152 3199 220 3262 tuit:
239 3208 298 3261 τοῖς
316 3197 409 3262 ἀλλοις
427 3198 515 3253 ἅπασι
534 3197 665 3254 δέδοκται
679 3198 825 3270 Ῥωμαίοις
844 3201 965 3272 δίκαιον,
983 3204 1010 3257 εί
1028 3204 1058 3258 δὲ
1075 3204 1111 3274 μή
1129 3207 1175 3258 δεῖ

153 3267 370 3335 ὑποστέλλεσθαι
383 3279 469 3324 πᾶσιν
484 3271 648 3338 ἀνθρώποις
702 3277 718 3326 8
738 3272 889 3342 δεκαρχίας
903 3275 927 3329 Ο
945 3292 1013 3330 corr.
1029 3275 1172 3346 Kiessling

146 3344 168 3394 '9
192 3341 374 3409 προσειλήφοι
398 3342 526 3396 ΗετιΙείο
551 3343 667 3396 Hermes
689 3342 715 3395 X
733 3350 785 3396 412
856 3353 888 3399 15
912 3346 961 3399 καί
979 3345 1094 3400 πάντων
1112 3345 1170 3402 δΟ

153 3412 200 3465 καί
216 3411 231 3466 ὁ
245 3411 360 3465 πάντων
372 3412 472 3466 Ροείαε
491 3413 540 3466 καί
555 3412 570 3468 δ
584 3411 712 3484 μέγιστον
731 3409 805 3468 εἶναι
824 3417 904 3469 δοκεῖ
915 3417 1029 3472 πάντων
1049 3417 1171 3488 Sylburg

153 3490 185 3536 21
205 3483 368 3552 ἠδικεῑσθαι
388 3483 458 3536 Lav
531 3490 564 3538 23
584 3484 661 3550 ἔδοξε
681 3484 703 3538 Ο
723 3483 794 3550 ἔλεξε
814 3485 996 3541 Casaubonus
