2668 3922
551 253 586 262 -
623 225 663 278 IA
699 253 734 262 -
1087 222 1153 288 205

135 351 322 434 οψομένους
352 350 453 416 οὐδὲν
483 351 600 415 ἀδικου
630 352 812 432 πολίτευμα
840 349 923 414 κατὰ
954 357 1014 416 τοῦ
1047 349 1153 433 δήμου

134 455 322 543 γινόμενον.

55 583 123 633 2297
206 563 322 631 LVIII.
364 571 506 630 Τοιαῦτα
543 565 647 630 Γαίου
685 564 877 647 Κανοληίου
912 563 992 644 μετὰ
1028 566 1154 627 πολλοῦ

137 678 354 757 σχετλιασμοῦ
378 671 533 755 λέγοντος
555 671 610 736 καί
633 681 700 735 τῶν
722 672 766 754 μὴ
791 668 1083 755 παραληφθέντων
1109 670 1156 746 είς

135 781 173 844 τὸ
207 763 386 864 συνέδριον
418 782 610 861 βουλευτῶν
642 778 725 862 πρὸς
757 776 862 862 ὀργὴν
894 775 1082 860 δεξαμένων
1118 776 1155 841 τὸ
1188 797 1200 837 ε

137 895 271 972 πρᾶγμα
294 887 474 971 παρελθὼν
497 886 612 970 άτερος
638 895 706 950 τῶν
728 884 865 949 ὑπάτων
889 884 1049 960 Γενύκιος
1076 882 1156 948 ἀπο-

137 1000 312 1078 λογεῖσθαι
343 993 399 1058 καί
431 990 594 1078 πραύνειν
625 993 684 1068 τὰς
719 991 821 1078 ὀργάς
857 991 968 1058 αὐτῶν
1005 989 1174 1077 ἐπειρᾶτο

138 1101 315 1185 διδάσκων,
343 1101 395 1166 ότι
421 1102 499 1176 τοὺς
522 1100 583 1182 μὲν
607 1101 727 1184 φίλους
749 1098 985 1183 παραλάβοιεν,
1012 1097 1073 1183 οὐχ
1102 1098 1157 1162 ἵνα

138 1214 221 1288 <τι>
240 1209 323 1273 κατά
340 1217 400 1273 τοῦ
420 1209 527 1292 δήμου
547 1203 797 1292 διαπράξαιντο,
821 1201 893 1270 ἀλλ’
909 1206 965 1272 ίυα
987 1207 1067 1287 μετά
1090 1215 1157 1270 τῶν

138 1305 406 1400 ἀναγκαιοτάτων
429 1313 685 1397 βουλεύσαιντο,
711 1315 746 1379 τί
766 1313 965 1398 πράττοντες
987 1308 1060 1378 οὐδ’
1079 1311 1157 1376 ὁπο-
1177 1332 1202 1372 ιο

138 1421 238 1506 τέραν
253 1419 410 1498 δόξουσιν
424 1419 584 1486 ἐλαττοῦν
597 1431 665 1488 τῶν
680 1419 849 1505 αἱρέσεων,
867 1421 1010 1505 πότερον
1024 1428 1158 1503 ταχεῖαν

140 1528 356 1604 ἀποδιδόντες
385 1537 424 1613 τῇ
455 1531 561 1613 βουλῇ
592 1527 669 1612 περὶ
697 1536 757 1592 τοῦ
787 1529 893 1609 νόμου
923 1525 1106 1608 διάγνωσιν
1136 1524 1157 1608 ἢ

139 1633 371 1720 χρονιωτέραν.
417 1631 567 1719 Ὁράτιον
597 1634 635 1699 δὲ
663 1633 719 1700 καί
751 1633 937 1720 Οὐαλέριον
966 1633 1028 1698 οὐκ
1059 1632 1197 1716 ἀλλης2

139 1743 231 1818 τινὸς
259 1741 357 1826 χάριν
387 1743 493 1818 αἰτίας
521 1743 565 1826 μη
595 1744 800 1826 παραλαβεῖν
830 1742 878 1818 είς
903 1742 941 1806 τὸ
969 1739 1158 1824 συνέδριον,

141 1845 212 1914 ἀλλ’
231 1849 286 1914 ἵνα
309 1851 353 1933 μη
376 1871 426 1926 τις
447 1847 576 1928 ὑποψία
599 1848 675 1933 περὶ
699 1848 810 1913 αύτῶν
833 1844 910 1934 παρ’
928 1845 1024 1926 ἀξίαν
1045 1838 1068 1938 ᾗ
1090 1856 1160 1924 τοῖς
1178 1866 1203 1907 ιι

140 1957 342 2040 δημοτικοῖς,
379 1956 423 2032 ὡς
459 1954 753 2040 μεταβεβλημένων
784 1957 845 2040 τὴν
877 1957 1072 2040 προαίρεσιν
1103 1964 1160 2039 τῆς

141 2065 321 2147 πολιτείας,
349 2061 408 2129 έάν
436 2064 500 2150 ἀρα
527 2061 581 2128 ἐπὶ
608 2072 666 2146 τῆς
693 2061 805 2148 έτέρας
832 2061 994 2146 γένωνται
1016 2062 1159 2145 γνώμης,

140 2181 198 2255 της
230 2168 386 2254 ἀξιούσης
418 2169 646 2252 ἀναβαλέσθαι
677 2170 740 2252 τὴν
771 2168 855 2254 ὑπὲρ
887 2176 947 2234 τοῦ
976 2170 1081 2250 νόμου
1111 2169 1160 2232 δι-

58 2278 289 2360 τεσδάγνωσιν
312 2279 359 2354 εἰς
387 2277 501 2362 ἕτερον
523 2277 641 2362 καιρὸν
667 2273 938 2361 ἐπιτηδειότερον.
984 2273 1097 2359 ἐπειδὴ
1126 2274 1156 2338 δ’

142 2386 244 2450 άπασι
272 2393 342 2461 τοῖς
372 2389 644 2468 παραληφθεῖσιν
672 2384 692 2466 ἡ
721 2381 953 2468 συντομωτέρα
983 2381 1160 2466 διάγνωσις
1179 2401 1205 2442 εο

142 2492 287 2575 ἀμείνων
319 2488 433 2568 ἔδοξεν
465 2483 551 2556 είναι
582 2501 640 2574 τῆς
671 2488 891 2576 βραδυτέρας,
928 2490 1084 2575 πράττειν
1117 2490 1161 2567 ῶς

142 2599 281 2676 ἐκείνοις
304 2597 421 2683 ἐφάνη.
471 2593 568 2662 Ταῦτ’
588 2597 690 2662 εἰπὼν
713 2597 768 2662 καί
790 2599 894 2673 θεοὺς
916 2595 1161 2680 ἐπομοσάμενος
1179 2596 1200 2660 3

142 2703 162 2791 ἦ
186 2708 252 2791 μην
274 2705 404 2789 τάληθῆ
428 2703 537 2786 λέγειν
559 2703 615 2768 καί
637 2705 716 2780 τοὺς
738 2703 1012 2788 παρακληθέντας
1035 2703 1071 2768 έκ
1094 2715 1161 2769 τῶν

144 2817 346 2896 βουλευτῶν,
369 2808 449 2895 ἔφη,
472 2818 582 2875 πᾶσαν
606 2809 835 2876 ἀπολύσεσθαι
858 2810 1019 2894 διαβολὴν
1043 2810 1082 2875 ού
1107 2812 1201 2952 λό-4

145 2944 230 3004 γοις,
253 2917 324 2986 ἀλλ’
344 2916 461 3004 ἔργοις.
499 2918 665 3003 ὅτανγὰρ
689 2918 722 2982 ολ
744 2919 943 3000 βουλόμενοι
965 2926 1162 3000 κατηγορεῖν
1180 2976 1205 3016 2⁶

144 3027 199 3092 καί
218 3026 459 3111 ἀπολογεῖσθαι
477 3025 628 3111 περὶτοῦ
645 3027 751 3107 νόμου
771 3023 965 3102 διεξέλθωσι
981 3024 1021 3088 τά
1040 3023 1161 3108 δίκαια,

217 3207 232 3254 3
251 3201 385 3256 *τοιαῦτα
403 3210 452 3256 τοῦ
471 3203 560 3258 Κενολ
581 3197 625 3254 ίου
645 3199 667 3254 O
690 3209 806 3254 τοιαῦτα
829 3197 912 3270 γαίου
934 3195 1085 3268 κανοληίου
1109 3216 1161 3268 ego

145 3273 180 3328 cf.
201 3289 223 3326 ο.
243 3279 317 3338 Bw
390 3272 468 3343 4μὴ
495 3289 548 3326 om.
667 3275 734 3326 9τι
760 3271 823 3324 add.
847 3269 968 3339 Sylburg
1041 3273 1162 3339 τιμαεο

145 3346 299 3418 βουλευτῶν
322 3343 437 3398 Reiskio
461 3345 558 3398 deesse
580 3341 789 3414 μαρτυράμενος
813 3343 932 3410 αἰδοῖοι,
958 3357 1044 3411 quam
1065 3358 1162 3396 vocem

144 3415 335 3486 recipiendam
352 3432 412 3470 esse
429 3418 524 3470 censet
536 3413 679 3484 Kiessling
700 3413 703 3486 λ
724 3413 922 3468 ἀπολύσασθαι
936 3413 958 3468 Ο
979 3413 1163 3468 διαλύσεσθαι

145 3487 267 3558 Sylburg
286 3487 477 3541 ἀπολύσεσθαι
496 3485 638 3555 Kiessling
