2668 3922
148 204 213 270 218
568 233 601 241 -
639 205 680 255 ῙΒ
718 231 751 242 -

148 333 272 414 πολλῆς
295 329 384 395 πάνυ
407 328 463 394 καί
485 329 615 414 ταχείας
638 333 789 413 φυλακῆς
812 327 952 412 δεομένη
976 329 1032 393 διά
1052 331 1090 395 τὸ
1110 339 1170 396 τοῦ

147 436 311 502 κινδύνου
342 435 496 519 μέγεθος·
534 435 655 518 ταύτης
687 431 718 499 δ’
745 431 809 519 ἐφη
841 435 993 519 μηνυτην
1025 435 1077 502 ού
1104 447 1171 502 τῶν

148 542 374 627 ἐπιτυχόντων
406 535 495 608 εἷναί
524 564 600 608 τινα
630 547 788 625 πολιτῶν,
822 538 895 608 ἀλλ’
921 541 962 607 δν
994 541 1090 608 αύτολ
1123 543 1167 608 δι’

148 650 270 735 ἀρετὴν
301 648 356 716 ἐπὶ
387 658 445 733 της
476 650 631 733 μεγίστης
651 660 700 716 Ιτε
734 648 792 714 καί
828 647 1089 734 άναχκαιοτάτης
1124 663 1170 737 τῷ

117 767 248 846 ικοινχῠ
267 758 379 842 χρείας
398 753 526 839 ἔταξαν,
545 755 782 839 δοκιμάσαντες
801 754 905 822 αὐτοῦ
924 759 985 841 τήν
1003 780 1039 823 τε
1057 759 1171 824 πίστιν

147 865 202 930 καὶ
225 866 287 949 την
304 865 389 949 πρὸς
411 865 451 929 τά
473 864 570 930 κοινά
593 864 786 947 φιλοτιμίαν
805 860 842 928 ἐκ
863 873 932 928 τῶν
950 866 1040 949 παρά
1060 865 1171 931 πάντα

96 969 207 1036 15τὸν
236 972 314 1054 βίον
343 969 654 1056 ἐπιτηδευομένων·
690 970 858 1056 μετεώρου
886 971 930 1055 δη
958 979 1017 1056 τῆς
1046 975 1172 1056 βουλῆς

148 1077 202 1144 ἐπὶ
237 1087 278 1164 τῇ
315 1079 501 1165 προσδοκία
534 1076 717 1161 γενομένης
747 1074 856 1144 ἐκάλει
887 1079 947 1144 τὸν
978 1079 1171 1163 Μηνύκιον,

147 1184 299 1263 κάκεῖνος
322 1181 444 1263 ἔλεξεν·
469 1185 569 1271 [ζήτει
590 1183 630 1254 ,ἐν
653 1194 698 1272 τῷ
722 1184 799 1270 περί
821 1185 1061 1271 δημηγοριῶν];
1082 1185 1171 1252 Ἐεα

104 1313 129 1354 ιο
218 1290 259 1358 Π.
278 1290 334 1370 Ὡς
357 1291 388 1357 δ’
405 1291 557 1377 ἐμηνύθη
580 1295 631 1378 τῇ
649 1295 772 1377 βουλῇ,
799 1291 976 1378 δικτάτορα
1004 1294 1171 1378 προχειρί-

148 1401 273 1482 ζονται,
301 1399 319 1465 ὁ
348 1399 386 1468 δέ
408 1400 469 1465 τὸν
491 1398 661 1485 ἱππάρχην
679 1397 745 1442 ***
763 1396 937 1494 ἐκέλευσεν
959 1395 1070 1484 ἔχοντι
1092 1401 1171 1477 τοὺς

150 1507 258 1606 ἱππεῖς
289 1506 383 1590 ἥκειν
415 1506 460 1584 ὡς
491 1506 595 1572 αὐτὸν
626 1506 703 1592 περὶ
735 1505 836 1590 μέσας
863 1507 1000 1590 νύκτας,
1033 1515 1103 1585 τοῖς
1132 1506 1171 1573 δὲ

129 1599 345 1696 ’βουλευταῖς
367 1614 415 1689 είς
436 1614 475 1678 τὸ
496 1602 711 1679 ’Καπιτώλιον
734 1612 841 1681 ἕωθεν
865 1610 913 1697 ἐτι
933 1612 1171 1697 συλλέγεσθαι,

147 1730 192 1805 τῷ
212 1719 250 1784 δέ
268 1720 435 1807 Μηνυκίφ
457 1721 518 1786 τόν
539 1742 575 1786 τε
597 1721 749 1805 μηνυτην
771 1721 889 1804 άχοντι
909 1720 966 1785 καί
987 1721 1045 1799 τὰς
1069 1721 1171 1798 άλλας

103 1845 129 1886 ιε
148 1823 332 1903 ἀποδείξεις
348 1828 516 1909 κομίζοντι
536 1828 619 1911 πρὸς
641 1828 679 1892 τὸ
696 1829 792 1911 ’βῆμα
814 1827 1109 1911 παρείναι,·άπασι
1133 1827 1172 1893 δὲ

148 1933 329 2019 φυλάττειν
352 1932 523 2019 ἀπόρρητα
545 1934 629 2019 πρὸς
651 1933 730 2010 τοὺς
753 1929 814 2011 ἐξω
837 1941 898 1998 τοῦ
921 1934 1102 2019 συνεδρίου
1130 1935 1171 2000 τά

147 2040 370 2123 βουλεύματα·
399 2043 479 2123 μίαν
502 2034 589 2106 είυαι
612 2039 719 2124 λέγων
742 2039 938 2126 ἀσφάλειαν,
966 2042 997 2106 εί
1023 2040 1128 2125 μηδὲν
1151 2041 1169 2106 ὁ

147 2149 294 2226 Μαίλιος
321 2147 474 2214 άκούσειε
500 2157 568 2213 τῶν
594 2147 672 2233 περὶ
700 2147 804 2214 αὐτοῦ
826 2145 1021 2230 λεγομένων
1049 2170 1085 2212 τε
1115 2147 1171 2212 καί

107 2254 391 2341 2πραττομένωυ.
438 2252 592 2332 διατάξας
619 2255 658 2320 δὲ
684 2250 786 2319 τᾶλλα
814 2253 903 2320 δσων
926 2251 1048 2338 ἐδεῖτο,
1074 2253 1171 2338 μέχρι

103 2382 129 2422 εο
148 2362 275 2439 δύσεως
305 2363 403 2446 ηλίου
435 2362 562 2439 πάντας
593 2360 631 2427 ἐν
662 2371 707 2446 τῷ
739 2362 967 2447 βουλευτηρίῳ
998 2361 1171 2446 κατασχὼν

148 2471 288 2546 σκύτους
311 2469 409 2546 ὄντος
430 2469 494 2553 ἤδη
519 2467 652 2534 διέλυσε
673 2469 734 2533 τὸν
757 2467 936 2550 σύλλογον·
960 2467 1005 2544 ὡς
1027 2467 1066 2532 δὲ
1087 2466 1170 2551 μέση

148 2573 210 2653 νὺξ
238 2574 384 2659 ἐγένετο,
411 2576 591 2662 προελθὼν
618 2573 655 2640 ἐκ
681 2583 740 2659 της
767 2575 874 2652 οἰκίας
893 2625 899 2638 .
915 2625 944 2638 ..
960 2570 1072 2664 ,ἐξῄει
1094 2574 1171 2659 περὶ

148 2683 208 2748 τὸν
235 2681 366 2767 ὄρθρου
392 2685 471 2759 τοὺς
499 2681 689 2758 ἐπιλέκτους
717 2681 915 2767 ἀμφοτέρων
942 2692 1010 2747 τῶν
1033 2680 1171 2746 ὑπάτων

108 2789 129 2854 3
148 2787 352 2874 ἐπαγόμενος
373 2789 430 2854 καί
453 2789 575 2866 αὐτοὺς
598 2779 854 2866 τοὺςύιιάτους.
900 2783 995 2854 οὗτοι
1021 2787 1083 2871 μὲν
1107 2781 1171 2882 οὖν

65 2869 108 2882 a·-

220 2971 235 3020 ‘1
254 2961 392 3034 μετέωρον
410 2964 472 3018 Εεο.
492 2981 561 3018 corr.
580 2963 683 3018 Miffler
741 2969 773 3018 11
794 2966 858 3032 post
876 2963 1020 3034 ἱππάρχην
1039 2963 1171 3020 lacunam

147 3036 250 3091 Mffller
281 3036 452 3106 significavit
488 3036 490 3106 λ
527 3033 620 3106 ἔχοντι
645 3035 675 3088 in
700 3033 801 3105 έχοντα
828 3035 995 3089 mutandum
1026 3052 1082 3090 non
1110 3051 1171 3090 οεεε

148 3109 311 3176 sequentem
330 3107 457 3162 dativum
480 3115 539 3169 τοῖς
562 3106 593 3161 δὲ
617 3101 779 3178 βουλευταῖς
800 3106 918 3160 suadere
941 3106 1170 3174 Mfillefeenset,

148 3179 268 3232 mubavit
285 3178 382 3234 Nabar
400 3178 501 3232 Mnem.
518 3183 560 3244 30,
576 3184 628 3232 258
654 3179 657 3250 Ι
682 3179 802 3234 fortasse
821 3175 973 3243 ἀποδείξας
990 3178 1035 3232 vel
1052 3175 1172 3240 καλέσας

148 3246 271 3304 ἐκέλευσε
307 3250 353 3304 vel
392 3249 451 3304 tale
490 3250 559 3318 quid
592 3253 658 3320 post
697 3248 841 3319 ἱππάρχην
880 3249 1068 3318 supplendum
1110 3265 1172 3304 εεεο

148 3320 250 3375 Mflller
279 3324 374 3376 οουεοῖ
453 3326 486 3375 19
512 3319 586 3375 άουν
609 3319 667 3376 ἔδει
688 3318 750 3377 τότε
778 3337 801 3376 ο.
825 3319 968 3390 Kiessling
1047 3327 1081 3374 κε
1106 3323 1172 3388 post

149 3389 241 3454 οἰκίας
258 3393 369 3517 {iatum
387 3393 478 3448 Peder
495 3391 605 3448 notavit
632 3393 635 3464 Ι
663 3390 730 3458 ἐξίει
747 3392 810 3447 Εεο.
886 3397 920 3446 23
938 3389 987 3446 ὑπ’
1005 3389 1171 3462 ἀμφοτέρων

149 3481 171 3520 ο.
186 3465 267 3519 Κὶεεε
279 3464 329 3533 ing
