2656 3932
556 267 589 274 -
627 237 670 290 ΙΑ
707 267 741 274 -
1095 235 1157 301 177

137 383 197 442 σας
215 361 314 431 ταῦθ’
331 360 503 440 δ’Ἀππιος
522 364 588 445 άμα
606 371 743 448 συχνοῖς
761 359 903 447 ἑταίροις
926 360 981 426 καί
1004 362 1159 442 πελάταις

136 474 184 550 είς
206 473 268 556 την
291 468 419 556 ἀγορὰν
439 471 645 557 πορεύεσθαι
668 471 779 534 παίειν
802 468 948 534 κελεύων
969 469 1025 533 καί
1048 465 1125 535 άνεί
1144 508 1159 518 -
1197 511 1201 522 ·

135 602 209 664 γειν
232 577 383 645 ἐκποδὼν
410 582 489 656 τοὺς
517 576 646 654 ἐντοῖς
674 586 863 652 στενωποῖς.
909 577 1099 658 πυθόμενοι
1122 575 1199 642 δὲὸ

135 689 197 770 την
234 686 387 751 διάνοιαν
424 685 528 750 αὐτοῦ
567 695 624 770 της
661 681 778 761 ἐξόδου
815 681 996 768 Οὐαλέριος
1032 706 1067 748 τε
1104 685 1159 749 καί

132 792 294 879 Ὁράτιος,
323 792 382 869 οδς
408 789 496 878 ἔφην
522 791 827 876 ἡγεμονικωτάτους
855 783 941 855 εἶναι
970 799 1038 855 τῶν
1068 787 1160 856 άντι-
1192 811 1204 852 ε

135 899 347 982 ποιουμένων
373 905 432 984 τῆς
460 897 669 983 ἐλευθερίας,
695 898 824 982 πολλὴν
846 896 902 962 καί
930 895 1063 982 ἀγαθὴν
1086 900 1159 963 νεό-

134 1029 216 1092 τητα
246 1007 322 1093 περὶ
352 1006 475 1084 αὑτοὺς
504 1007 642 1090 ἄγοντες
672 1006 822 1070 ἵστανται
852 1004 917 1085 πρὸ
947 1013 1007 1069 τοῦ
1037 1014 1159 1090 νεκροῦ

134 1115 191 1180 καὶ
221 1113 334 1198 ἐπειδη
364 1115 508 1198 πλησίον
538 1113 649 1178 αὐτῶν
677 1113 710 1177 οἱ
736 1101 813 1197 περὶ
839 1112 900 1176 τὸν
919 1107 1065 1176 ’Ἁππιον
1093 1110 1160 1196 ἐγί-

135 1245 251 1305 νοντο,
288 1232 422 1306 πρῶτον
457 1220 519 1304 μὲν
556 1221 603 1296 είς
640 1221 761 1303 λόγους
797 1216 955 1302 ἐπαχθείς
991 1218 1047 1283 καί
1078 1239 1160 1303 προ-

135 1331 338 1413 πηλακιστδις
359 1329 442 1394 κατὰ
465 1333 523 1411 τῆς
546 1324 698 1404 ἐξουσίας
721 1325 833 1391 αὐτῶν
860 1323 1020 1410 ἐχώρουν,
1048 1322 1160 1391 ἔπειτα
1179 1347 1205 1387 ιο

135 1436 191 1502 καλ
214 1437 254 1501 τά
278 1432 358 1521 ἔργα
381 1435 479 1518 ὅμοια
501 1443 571 1510 τοῖς
595 1435 706 1516 λίγοις
729 1434 927 1516 παρείχοντο
948 1432 1102 1508 παίοντές
1125 1457 1160 1498 τε

135 1543 191 1608 καί
215 1541 454 1627 ἀνατρέποντες
476 1543 556 1617 τοὺς
579 1539 679 1622 ὁμόσε
701 1547 901 1625 χωροῦντας.

206 1647 404 1715 XXXVIHI.
429 1646 464 1713 Ὁ
492 1644 522 1713 δ’
536 1645 678 1723 ’Ἁππιος
709 1643 888 1731 ἀδημονῶν
917 1643 972 1711 ἐπί
1000 1656 1046 1731 τῷ
1077 1643 1155 1732 παρ’

53 1773 125 1824 2256
136 1753 255 1822 ἐλπίδα
277 1765 336 1840 τῆς
357 1755 523 1833 κολάσεως
545 1755 601 1820 καί
620 1754 682 1819 οὐκ
701 1750 796 1838 ἔχων,
820 1754 838 1820 ὅ
861 1776 893 1818 τι
911 1755 1067 1838 χρήσεται
1089 1762 1159 1832 τοῖς

137 1863 280 1950 ἀνδράσι
309 1864 371 1948 την
401 1861 649 1947 ὀλεθριωτάτην
678 1857 764 1944 ἔγνω
794 1861 942 1943 βαδίζειν
972 1858 1062 1925 ὁδόν.
1116 1861 1160 1936 ὡς
1179 1878 1205 1919 ιι

135 1973 200 2055 γὰρ
219 1967 268 2036 ἔτι
285 1979 345 2036 τοῦ
365 1974 518 2055 πλήθους
537 1969 626 2056 αὐτῷ
646 1967 861 2050 διαμένοντος
884 1968 1009 2032 οἰκείου
1034 1965 1160 2049 ιἰναβδις

136 2075 191 2142 ἐπὶ
227 2086 287 2143 τοῦ
316 2075 503 2162 Ἡφαίστου
540 2077 577 2142 τὸ
617 2075 708 2160 ἱερὸν
740 2072 849 2139 ἐκάλει
880 2075 940 2139 τὸν
960 2073 1080 2158 Ιδῆμον
1112 2075 1160 2150 είς

137 2183 314 2267 ἐκκλησίαν
336 2184 392 2248 καλ
414 2192 612 2269 κατηγορεῖν
635 2180 787 2266 ἐπειρᾶτο
810 2189 878 2245 τῶν
901 2180 1036 2265 ἀνδρῶν
1054 2201 1159 2264 παρα-

136 2291 258 2370 νομίαν
287 2312 323 2354 τε
351 2289 407 2354 καί
436 2289 549 2375 ὕβριν,
582 2286 717 2374 ἐξουσίᾳ
747 2287 930 2372 δημαρχικῇ
963 2286 1019 2352 καί
1048 2284 1159 2352 ἐλπίδι

50 2447 52 2449 -
136 2395 248 2485 κούφη
266 2392 498 2480 ἐπαιρόμενος,
521 2395 573 2461 ὅτι
591 2396 885 2478 συναγανακτησας
904 2392 922 2458 ὁ
941 2394 1044 2478 δῆμος
1067 2393 1156 2480 αὐτῷ
1178 2414 1205 2455 ιο

136 2506 278 2588 παρήσει
307 2502 403 2590 ῥίψαι
429 2504 508 2578 τοὺς
535 2503 661 2588 ἄνδρας
687 2502 769 2566 κατά
796 2511 854 2586 της
881 2500 1009 2587 πέτρας.
1060 2501 1093 2566 ολ
1120 2501 1200 2566 δὲῖ

136 2611 212 2696 περί
241 2611 301 2676 τὸν
332 2608 519 2695 Οὐαλέριον
549 2607 663 2694 ἕτερον
692 2611 797 2674 τόπον
823 2617 881 2692 τῆς
908 2608 1031 2695 ἀγορᾶς
1060 2631 1159 2673 κατα-

137 2721 315 2802 λαβόμενοι
342 2717 399 2783 καί
425 2718 462 2782 τὸ
490 2727 607 2799 πτῶμα
633 2725 691 2800 της
716 2714 890 2802 παρθένου
913 2715 1046 2800 θέντες,
1074 2716 1158 2782 ὅθεν

136 2825 202 2891 ὑπὸ
225 2827 361 2892 πάντων
384 2823 601 2910 ὀφθήσεσθαι
625 2819 770 2908 ἔμελλεν,
794 2822 911 2910 ἑτέραν
934 2832 1083 2907 συνῆγον
1106 2821 1122 2887 ί
1143 2860 1158 2869 -

136 2935 276 3016 κλησίαν
296 2933 352 2999 καί
375 2933 503 3016 πολλὴν
522 2929 698 2997 ἐποιοῦντο
722 2940 782 2997 τοῦ
805 2928 833 2996 τ’
848 2928 989 2996 Ἀππίου
1012 2930 1068 2995 καί
1090 2939 1157 2994 τῶν
1178 2949 1204 2990 ιι

137 3039 247 3104 ἄλλων
271 3039 458 3125 ὀλιγαρχῶν
485 3041 695 3124 κατηγορίαν.
741 3035 858 3121 ἔμελλέ
881 3060 932 3121 τε,
960 3037 1042 3123 ὅπερ
1070 3037 1157 3114 εἰκὸς
1179 3036 1200 3101 3

210 3220 223 3267 1
250 3214 355 3270 *ταῦτα
374 3212 492 3277 ’Ἄππιος
514 3214 563 3268 LV
585 3211 672 3268 ταῦθ’
696 3211 711 3268 ὃ
732 3211 769 3268 Ἄ.
789 3229 841 3283 ego
919 3218 935 3266 2
958 3212 1112 3266 ιιελεάευειν
1135 3212 1157 3265 L

137 3292 153 3340 3
173 3281 306 3353 Ραλίριος
323 3285 395 3338 LbV
469 3292 484 3338 7
504 3285 630 3356 ἄγοντες]
654 3283 764 3354 ἔχοντες
787 3283 909 3354 Sylburg
981 3288 997 3338 8
1019 3280 1158 3407 ἐγίνοντρέ

137 3353 265 3427 ἐγένοντο
297 3356 440 3426 Kiessling
521 3362 537 3410 9
562 3355 789 3424 προπηκαλιστδις
814 3356 835 3409 L
862 3355 1108 3424 προπηιιαλισμοδς

131 3433 178 3482 ’13
198 3427 244 3482 dal
262 3423 294 3482 ιδ
312 3427 338 3481 V
396 3434 429 3481 14
447 3427 586 3490 κολάσεως
605 3427 627 3482 0
650 3428 793 3489 κωλύσεως
812 3425 934 3496 Sylburg
994 3431 1026 3480 17
1047 3425 1093 3479 ἐπὶ
1110 3421 1160 3480 τὸν

138 3497 289 3570 Ηφαίιτου
304 3498 350 3552 La
407 3505 440 3553 26
460 3499 615 3570 ὀλιγαρχῶν
630 3498 652 3554 0
672 3499 857 3570 ὀλιγαρχικῶν
870 3498 970 3552 Portus
987 3498 1022 3554 ef.
1036 3496 1075 3550 XI
1088 3501 1160 3564 43‚4

185 3616 574 3660 Dlonrs.HAh.1V.En.JAconr.
964 3611 997 3659 12
