2656 3932
176 221 241 287 ιιι
592 249 625 260 —-
663 222 703 274 ιι
741 249 774 258 -

173 347 229 413 καί
252 345 472 431 ἀγανακτήσει
493 344 697 430 μεμιγμένην
719 348 881 430 κραυγήν,
909 346 941 410 ολ
964 345 1002 411 δέ
1024 351 1083 430 τῆς
1105 345 1197 429 ὀλιγ-

174 455 290 539 αρχίας
312 455 449 530 κόλακες
470 455 532 538 τὴν
555 451 814 518 έπικελεύουσάν
840 475 876 518 τε
902 453 959 518 καλ
984 452 1113 538 θάρσος
1140 451 1198 535 έμ-

173 566 310 643 ποιῆσαι
328 559 520 643 δυναμένην
537 569 608 637 τολς
627 569 787 645 κρατοῦσι
810 563 938 644 φωνήν.
973 559 1198 644 ἠρεθισμένης

174 667 212 731 δέ
244 672 302 750 τῆς
334 665 457 751 άγορᾶς
488 667 544 732 καί
576 667 800 732 παντοδαπῶν
826 667 992 754 γεμούσης
1023 669 1134 750 λόγων
1160 689 1197 734 τε
1314 687 1315 750 χ

144 773 229 838 ικαλ
252 779 375 839 παθῶν
398 775 527 858 σιωπὴν
550 773 710 857 γενέσθαι
732 773 890 850 κελεύσας
904 770 1046 850 ’Άκκιος
1072 771 1274 851 ἔλεξενενεο

134 881 218 948 w
241 881 284 964 μὴ
308 881 480 946 παύσεσθε
503 880 789 959 διαστασιάζοντες
811 882 873 966 την
899 883 999 946 πόλιν
1025 881 1081 946 καί
1106 879 1198 946 άντι-
1314 901 1315 904 ’

175 996 436 1072 στρατηγοῦντες
461 989 543 1072 ἡμίν
559 989 603 1054 ὀί
630 987 845 1073 ταραχώδεις,
876 988 1009 1074 μηδαμῇ
1041 991 1198 1073 χρήσιμοι

174 1095 249 1180 μήτ’
266 1093 303 1160 ἐν
327 1095 441 1185 εἰρήνη
464 1098 544 1179 μήτε
567 1095 650 1184 κατά
672 1093 852 1178 πολέμους,
879 1093 945 1159 ὑπὸ
969 1100 1028 1179 τῆς
1051 1093 1198 1178 ἀνάγκης

174 1201 466 1288 σωφρονισθέντες
494 1199 602 1279 είξετε.
652 1201 696 1286 μὴ
726 1201 866 1278 τούτους
895 1201 1009 1268 οἴεσθε
1036 1203 1115 1278 τοὺς
1142 1199 1198 1267 ἐπὶ

130 1332 156 1371 ιο
173 1318 234 1375 τοῦ
266 1311 484 1376 Καπετωλίου
517 1308 572 1374 καλ
603 1314 662 1392 τῆς
694 1309 797 1393 άκρας
828 1311 1001 1393 φρουρούς
1031 1305 1087 1374 έπλ
1118 1311 1198 1384 τοὺς

175 1413 301 1495 έξοιθεν
319 1418 498 1498 πολεμίους
518 1415 599 1500 ἡμίν
619 1415 890 1500 παρεσκευάσθαι
912 1417 1029 1499 μόνον,
1051 1414 1137 1498 ὑμᾶς
1159 1415 1198 1480 δὲ

174 1527 253 1601 τοὺς
275 1520 376 1588 ένδον
394 1521 673 1606 ὑποκαθημένους
695 1522 751 1587 καλ
769 1522 878 1586 πάντα
895 1525 1063 1606 σηποντας
1079 1524 1120 1588 τά
1137 1528 1197 1606 τῆς

135 1631 156 1696 3
175 1632 301 1707 πόλεως
324 1629 499 1712 πράγματα
521 1627 640 1695 έάσειν.
686 1629 823 1713 γνώμην
845 1629 886 1713 δη
910 1631 1068 1712 λαβόντες
1091 1631 1197 1713 κρείτ-

174 1759 256 1801 τονα
287 1732 326 1819 ης
358 1732 446 1820 έχετε
478 1745 544 1800 νῦν
576 1737 685 1820 άιιιτε,
723 1728 774 1813 οίς
807 1740 852 1820 μή
887 1758 920 1800 τι
955 1744 1104 1820 πρᾶγμα,
1141 1736 1197 1802 καὶ
1314 1809 1315 1812 ¹

132 1865 157 1906 ιι
175 1842 337 1928 πράσσετε
364 1843 405 1907 τά
430 1840 571 1926 ἑαυτῶν,
598 1844 628 1908 εί
656 1851 874 1928 σωφρονεῖτε·
902 1845 945 1908 σὺ
973 1839 1004 1907 δ’
1027 1844 1112 1926 άγου
1135 1844 1196 1927 την
1307 1887 1308 1890 ¹

117 1983 122 1996 ·
175 1950 355 2034 παιδίσκην
373 1946 469 2034 έχων,
492 1949 657 2032 Κλαύδιε,
680 1948 807 2034 μηδένα
826 1950 984 2027 δεδοικὼς
1002 1945 1047 2014 δι’
1060 1947 1195 2035 ἀγορᾶς·

135 2060 157 2124 4
176 2057 208 2122 οἱ
230 2058 294 2140 γάρ
314 2052 455 2122 Ἀππίου
479 2072 516 2121 σε
539 2055 773 2141 προπέμψουσι
797 2057 925 2122 δώδεκα
947 2055 1102 2134 πελέκεις.
1142 2055 1197 2133 Ὡς

176 2163 213 2228 δὲ
235 2161 329 2229 ταῦτ’
345 2158 448 2247 εἶπεν,
472 2164 505 2229 ολ
527 2163 588 2246 μὲν
612 2164 706 2229 άλλοι
730 2162 902 2240 στένοντες
924 2164 980 2229 καλ
1002 2165 1042 2228 τά
1064 2163 1197 2246 μέτωπα
1314 2205 1315 2208 =

175 2272 329 2348 παίοντες
355 2271 412 2336 καὶ
439 2272 479 2335 τά
506 2271 635 2356 δάκρυα
661 2269 811 2354 κατέχειν
839 2271 879 2336 οὐ
908 2269 1090 2354 δυνάμενοι
1114 2293 1196 2355 παρ-

131 2401 158 2440 ιο
176 2377 324 2461 εχώρουν
353 2375 390 2442 έκ
422 2388 480 2462 τῆς
511 2377 649 2462 ἀγορᾶς,
681 2377 700 2442 ὁ
733 2377 771 2443 δὲ
798 2377 967 2455 Κλαύδιος
998 2377 1104 2462 άκηγε
1135 2381 1197 2464 τὴν

176 2483 279 2546 παῖδα
310 2493 355 2571 τῷ
387 2484 487 2569 πατρί
518 2483 824 2570 περιπεπλεγμένην
855 2484 910 2549 καί
946 2491 1197 2570 καταφιλοῦσαν

175 2588 230 2653 κοιλ
258 2598 329 2666 ταίς
355 2589 505 2673 ἡδίσταις
533 2600 661 2675 φωναῖς
675 2590 927 2657 ἀνακαλοῦσαν.
973 2591 1011 2658 έν
1033 2594 1197 2670 τοιούτοις
1205 2612 1270 2660 2251
1314 2631 1315 2656 ι

177 2696 219 2780 δη
251 2705 363 2772 κακοῖς
399 2697 596 2781 Οὐεργίνιος
628 2698 676 2762 διν
708 2695 810 2782 έργον
842 2701 890 2776 είς
920 2708 1006 2766 νοῦν
1042 2700 1196 2784 βάλλεται

176 2803 276 2888 πατρί
298 2802 360 2884 μὲν
383 2805 593 2889 ταλαίπωρον
615 2805 671 2869 καί
694 2807 825 2890 πικρόν,
853 2803 1020 2894 έλευθέρφ
1049 2803 1080 2870 δ’
1098 2805 1196 2891 άνδρλ

176 2909 232 2976 καί
259 2912 485 2998 μεγαλόφρονι
514 2909 651 2995 πρέπον.
702 2913 919 2996 αἰτησάμενος
947 2915 1011 2998 γάρ
1042 2911 1196 2992 ἐξουσίαν

177 3016 391 3084 ἀσπάσασθαι
409 3019 470 3102 την
488 3017 660 3103 θυγατέρα
678 3021 756 3096 τοὺς
774 3020 1197 3104 τελευταίουςάσπασμοὺς

177 3120 227 3189 ἐπ’
246 3122 397 3202 ἐξουσίας
419 3126 474 3190 καί
494 3126 716 3232 διαλεχθῆναι
739 3128 825 3217 μόνη
848 3129 964 3212 μόνος,
989 3127 1095 3193 ὁπόσα
1117 3128 1196 3211 βού-

137 2883 157 2948 5

249 3301 430 3370 ῦπαύοηοθε
445 3301 493 3355 LV
539 3307 573 3356 10
592 3301 665 3356 κατὰ
678 3299 849 3356 πεταλίουΙι
898 3309 931 3357 11
946 3302 1194 3371 παρασκευάσαιΟ

177 3385 406 3474 παρασκευασθέί
419 3408 445 3461 V
463 3409 589 3478 Heylbut
611 3407 842 3477 παρεσκευάσθαι
865 3409 987 3480 Sylburg
1069 3415 1101 3463 19
1125 3428 1196 3478 παρ-

177 3477 311 3549 εχώρουν]
331 3481 494 3549 ὑπεχώρουν
512 3481 557 3536 vel
576 3482 736 3550 ἀνεχώρουν
755 3479 799 3533 vel
818 3481 982 3550 ἀπεχώρουν
1000 3481 1103 3537 Reiske
