2668 3922
141 195 206 260 246
560 227 593 236 -
631 200 677 252 ΙΓ
710 227 744 236 -

101 319 370 388 2ἀπολωλίτων.
423 319 496 408 (19)
525 323 763 408 Παρελκοάσης
795 323 833 390 δὲ
864 333 922 408 τῆς
954 327 1078 408 βουλῆς
1104 326 1163 402 τάς

141 427 331 515 ἀποκρίσεις
358 427 413 496 ἐπὶ
437 431 499 514 τὴν
518 427 643 514 Ῥώμην
666 432 725 496 τὸν
748 432 893 513 πόλεμον
917 431 1103 515 ἀναγκαίως
1130 434 1163 498 ολ

141 537 262 602 Κελτοί
291 541 486 622 μετήγαγον.
536 537 578 602 Οἱ
606 537 643 602 δὲ
666 535 817 620 Ῥωμαῖοι
845 537 1047 616 ἀκούσαντες
1074 535 1162 629 ἐξῄε-

141 658 204 707 σαν
228 641 264 708 ἐκ
286 654 344 729 τῆς
367 647 493 722 πόλεως
521 645 669 728 ἀγοντις
687 641 723 708 ἐκ
749 643 811 726 μὲν
833 654 901 711 τῶν
924 643 1104 711 ἐπιλέκτων
1125 669 1161 711 τε

110 750 195 814 ικαλ
222 751 483 836 κατηθλημένων
511 749 548 817 ἐν
575 761 645 827 τοῖς
671 750 827 832 πολέμοις
857 763 1066 837 στρατιωτῶν
1092 752 1161 818 τέτ-

140 879 223 943 ταρα
246 857 393 941 τάγματα
416 857 543 943 ἐντελῆ·
569 856 606 923 ἐκ
629 857 667 923 δὲ
690 869 758 923 τῶν
781 858 892 924 ἀλλων
915 864 1060 925 πολιτῶν
1083 863 1162 936 τοὺς
1280 857 1283 862 ’

140 965 363 1042 κατοικιδίους
392 989 427 1030 τε
456 966 512 1031 καί
541 967 718 1052 σχολαίους
746 965 802 1031 καὶ
830 961 932 1049 ἧττον
959 965 1162 1050 ὡμιληκότας

140 1071 296 1154 πολέμοις
318 1075 454 1150 πλείους
477 1074 576 1151 ὄντας
599 1073 732 1159 ἀριθμῷ
755 1083 823 1138 τῶν
846 1071 975 1159 ἑτέρων.
1021 1073 1161 1150 τούτους

141 1179 182 1263 δὴ
212 1181 411 1266 τρεψάμενοι
441 1181 474 1264 ολ
503 1181 625 1246 Κελτοί
653 1180 709 1246 καί
742 1180 920 1262 σύμπασαν
949 1181 1010 1263 τὴν
1036 1177 1160 1264 Ῥώμην

96 1309 122 1349 10
141 1287 221 1353 ἀνευ
245 1297 305 1353 τοῦ
328 1289 542 1352 Καπιτωλίου
566 1291 823 1373 παρεστήσαντο.
868 1287 977 1352 Αικάν.

212 1451 228 1498 2
257 1443 418 1516 ἀναγκαίως
444 1443 540 1498 Ambr.
569 1442 738 1510 ἐξαπιναίως
763 1461 786 1499 ο.
811 1443 909 1498 Struve
937 1444 1161 1514 ἀγανακτοῦντες

139 1516 403 1658 ῗοὲἕέᾗίξὲοαωοε
419 1515 444 1569 Χ
458 1521 509 1570 421
575 1521 590 1569 9
609 1516 658 1570 καλ
677 1518 743 1570 ante
763 1516 911 1584 σύμπασαν
930 1515 1081 1569 delendum
1100 1530 1160 1569 esse

211 1875 243 1925 Ν
246 1867 364 1933 έπετος
386 1867 466 1933 πόλις
482 1869 614 1940 Ἰταλίας,
633 1872 783 1933 Διονύσιος
804 1870 1023 1944 τρισκαιδεκάτῳ
1043 1868 1159 1940 Ῥωμαι-

140 1968 191 2030 κῆς
212 1957 422 2031 ἀρχαιολογίας,
444 1957 475 2016 τὸ
500 1957 617 2016 ἐθνικὸν
634 1965 799 2024 Νεπισϊνος.
836 1961 991 2030 Stephanus
1009 1963 1079 2031 Βγιι.
1098 1977 1118 2014 ο.
1133 1977 1157 2014 ο.

140 2055 171 2104 Ν
175 2047 189 2105 ί
193 2069 300 2114 πετος.
