2656 3932
168 185 232 250 170
584 215 617 224 —
655 187 695 238 [Α
732 215 765 224 -

126 310 221 376 ml
252 312 394 393 βεβαίως
426 307 490 387 ἕξει
521 311 558 375 τὸ
591 299 732 394 ληφθέν.
790 307 945 387 ἐξουσίαν
976 333 1011 374 τε
1043 307 1190 395 έχουσοιν

166 417 284 483 ὁποῖον
313 415 469 500 ἐβούλετο
500 419 626 499 λαβεῖν,
655 418 758 502 ἀρρεν
781 415 867 495 <ἀν>
891 415 1028 482 έλέσθαι
1050 418 1190 483 παιδίον

165 529 292 606 μᾶλλον
325 523 346 608 ή
382 528 482 608 θήλυ.
536 532 699 589 τεκοῦσαν
735 523 797 606 μέν
833 525 897 609 γάρ
934 523 1083 609 ἀνάγκην
1119 537 1189 590 τῶν

165 631 291 696 τέκνων
322 631 485 714 δεομένην
521 629 672 714 στέργειν
703 631 759 695 καὶ
794 629 941 715 τρέφειν,
977 632 995 696 ὅ
1028 655 1060 696 τι
1092 631 1134 698 ἀν
1165 633 1271 716 ήεεεε
1313 619 1314 658 ¹

135 739 267 822 εφάσις
294 736 461 826 ἐξενέγκῃ,
490 735 768 822 ὑποβαλλομένην
795 737 833 802 δέ
862 738 900 802 τὸ
930 747 1081 822 κρεῖττον
1111 736 1190 804 ἀντὶ

126 845 225 911 θεοῦ
252 848 404 930 χείρονος
430 845 518 921 εἰκὸς
546 837 633 909 εἶναι
661 846 785 926 λαβεῖν.
831 846 915 928 πρός
941 867 977 910 τε
999 847 1060 910 τὸν
1082 869 1188 929 μηνυ-
1313 895 1314 900 1

165 955 227 1037 τήν
248 953 304 1017 καί
326 955 406 1029 τοὺς
428 951 612 1036 μάρτυρας,
635 950 694 1027 οὓς
717 949 735 1015 ὁ
762 951 930 1028 Κλαύδιος
953 948 1017 1036 ἔφη
1040 955 1188 1030 πολλοὺς

165 1061 221 1124 καί
248 1057 440 1144 ἀξιοχρέους
466 1055 683 1142 παρέξεσθαι,
711 1059 771 1122 τὸν
794 1055 831 1122 ἐκ
853 1069 921 1123 τῶν
944 1059 1082 1124 είκότων
1104 1080 1188 1143 παρ-

166 1169 294 1251 είχοντο
324 1168 436 1249 λόγον,
463 1166 508 1244 ὡς
535 1165 598 1231 οὐκ
623 1165 666 1229 ἀν
688 1184 768 1229 ποτε
790 1165 811 1248 ή
834 1167 1030 1250 Νομιτωρία
1052 1175 1188 1251 πρᾶγμα
1313 1167 1314 1182 ’

122 1293 147 1332 ιο
166 1282 260 1357 σιγής
287 1273 448 1355 δεόμενον
474 1273 530 1338 καί
557 1271 601 1336 δι’
623 1270 699 1348 ένὸς
724 1271 978 1356 ὑπηρετηθήναι
1004 1274 1187 1358 προσώπου

166 1380 366 1463 δυνάμενον,
389 1390 542 1464 φανερῶς
560 1375 699 1464 ἔπραττε
717 1379 772 1444 καί
795 1380 875 1461 μετὰ
897 1380 1076 1464 μαρτύρων
1095 1378 1188 1446 ἐλευ·

165 1488 289 1572 θέρων,
322 1483 366 1551 ἵν’
391 1485 612 1571 ἐκτραφεῖσαν
639 1487 702 1570 τήν
730 1489 835 1570 κόρην
864 1485 930 1551 ὑπὸ
962 1497 1031 1551 τῶν
1059 1489 1187 1571 κυρίων

125 1593 235 1677 4τής
254 1594 376 1677 μητρὸς
408 1593 618 1677 ἀφαιρεθείη.
673 1596 733 1659 τόν
764 1615 800 1658 τε
831 1595 956 1676 χρόνον
989 1593 1030 1658 οὐ
1067 1596 1187 1678 μικρὸν

166 1698 282 1782 ἐλεγον
314 1693 400 1764 εἶναι
431 1702 608 1783 τεκμήριον
639 1709 699 1765 τοῦ
729 1699 835 1783 μηδὲν
866 1699 959 1783 ὑγιὲς
988 1699 1098 1784 λέγειν
1126 1702 1187 1767 τὸν

122 1827 146 1866 ιε
165 1810 362 1891 κατήγορον
392 1806 469 1870 οὔτε
494 1807 558 1891 γάρ
582 1805 624 1872 ἀν
647 1809 707 1872 τὸν
729 1807 881 1890 μηνυτὴν
904 1807 981 1872 οὔτε
1003 1810 1082 1884 τοὺς
1105 1808 1187 1892 μάρ-

165 1937 267 1996 τυρας
302 1921 479 1997 κατασχεῖν
511 1910 549 1977 ἐν
585 1914 820 1979 πεντεκαίδεκα
856 1911 964 1980 ἔτεσιν
996 1910 1187 2000 ἀπόρρητον

125 2020 145 2084 5
165 2021 278 2104 <τήν>
297 2019 480 2105 ὑποβολήν,
505 2018 579 2085 ἀλλ’
592 2017 640 2086 ἔτι
658 2023 824 2106 πρότερον
842 2023 957 2087 εἰπεῖν.
989 2021 1187 2104 διαβάλλον-
1313 2013 1314 2020 ¹

164 2151 218 2204 τες
245 2127 283 2193 δὲ
309 2128 367 2204 τάς
394 2137 463 2192 τῶν
485 2130 680 2213 κατηγόρων
702 2129 829 2205 πίστεις
854 2129 926 2193 οὔτ’
943 2127 1083 2212 ἀληθεῖς
1110 2129 1187 2194 οὔτε

165 2237 312 2312 πιθανὰς
340 2233 643 2319 ἀντιπαρεξετάζειν
666 2235 801 2312 ταύταις
827 2235 945 2318 ἠξίουν
967 2237 1025 2312 τὰς
1047 2234 1262 2319 έαυτῶν,εεεε

121 2361 147 2402 νο
165 2344 289 2432 πολλοῖς
320 2343 375 2408 καί
407 2342 468 2408 οὐκ
501 2338 649 2427 ἀσήμους
685 2351 846 2426 γυναῖκας
881 2342 1112 2427 ὀνομάζοντες,
1148 2342 1187 2419 ἀς

165 2446 295 2532 έφασαν
327 2449 452 2514 εἰδέναι
483 2451 701 2534 Νομιτωρίαν
732 2447 899 2533 ἐγκύμονα
930 2449 1114 2535 γενομένην
1150 2448 1187 2516 έκ

165 2564 225 2620 τοῦ
255 2556 331 2640 περί
360 2557 422 2639 τήν
450 2555 595 2640 γαστέρα
622 2557 734 2639 ὄγκου.
780 2556 880 2640 χωρίς
908 2555 946 2621 δέ
973 2557 1102 2622 τούτων
1128 2557 1186 2633 τὰς

166 2661 220 2729 ἐπί
251 2669 311 2726 τοῦ
343 2664 443 2727 τόκου
475 2663 531 2726 καί
565 2671 622 2746 τῆς
659 2665 788 2746 λοχείας
824 2663 1102 2745 παραγενομένας·
1130 2664 1186 2728 διά

237 2879 251 2926 1
272 2871 344 2938 ἕξειν
358 2871 414 2924 LM
467 2869 637 2926 θὸποίανΙι
658 2871 662 2920 Ι
683 2869 719 2927 ἀν
734 2872 798 2926 add.
809 2873 952 2942 Kiessling
1002 2878 1017 2927 3
1037 2873 1148 2944 ἀνάγκη
1163 2872 1184 2927 0

165 2943 292 3014 ἀνάγκην
319 2941 478 3068 Βέθφθοοοε
505 2941 616 3012 ἀνάγκη
641 2921 677 3012 ἦν
702 2960 724 2998 ο.
748 2941 835 2998 Cobet
861 2943 925 2999 obs.
939 2961 978 3013 -p.
1002 2949 1053 2998 209
1091 2945 1094 3017 Ι
1130 2953 1185 2998 τῶν

164 3013 270 3070 τέκνον
295 3016 363 3083 δεομ
377 3033 430 3083 Ινην
455 3014 570 3068 Reiskio
597 3018 711 3070 auctore
736 3015 923 3086 Kiesslingius
949 3031 1019 3069 sana
1044 3033 1101 3070 non
1126 3031 1186 3070 esse

166 3089 272 3153 censet,
295 3085 346 3154 τήν
368 3083 473 3141 τέκνων
495 3083 630 3156 δεομένην
650 3104 673 3141 ο.
688 3085 776 3141 Cobet
795 3087 859 3142 obs.
879 3105 906 3156 p.
922 3092 983 3153 210,
1002 3087 1113 3160 ἀνάγκη
1130 3095 1186 3141 τῶν

164 3155 269 3212 τέκνων
293 3153 427 3226 ἐχομένην
453 3157 524 3212 Smit
548 3157 612 3213 Obs.
632 3177 660 3228 p.
675 3163 723 3225 583
747 3159 782 3213 ef.
803 3158 910 3228 Kayser
932 3157 1026 3213 Fleck.
1046 3159 1118 3214 Ann.
1135 3163 1184 3212 101

166 3232 256 3298 (1870)
283 3234 342 3295 ⁷26,
371 3228 494 3284 Schenkl
518 3229 650 3284 Bursiani
675 3229 742 3285 Litt.
767 3246 830 3284 ann.
855 3229 974 3284 breviar.
993 3247 1021 3298 p.
1036 3235 1097 3297 280,
1123 3245 1186 3283 mea

166 3300 280 3369 quidem
298 3301 438 3354 sementia
456 3301 529 3354 nihil
546 3302 714 3356 mutandum
733 3303 776 3355 est
847 3307 864 3356 8
885 3299 1086 3372 ἀξιοχρέονςΙι
1110 3301 1186 3366 ἀξιο-

165 3369 252 3442 χρέοις
276 3371 301 3424 R
327 3378 344 3494 χ
373 3369 546 3440 παρέξεσθαι
571 3373 593 3426 Ο
622 3370 797 3442 παρέχεσθαι
823 3371 920 3427 Naber
946 3373 1048 3427 Mnem.
1071 3377 1114 3440 30,
1134 3377 1184 3426 257

167 3449 199 3496 17
218 3443 269 3512 τήν
289 3442 325 3495 ad
348 3443 510 3513 ,Kiessling
583 3449 617 3498 18
635 3441 741 3506 πίστεις
759 3445 796 3506 ὡς
815 3442 874 3498 οὔτ’
892 3443 1014 3514 Sylburg
