2654 3916
585 171 753 221 -K-
1114 166 1181 230 333

157 305 226 362 τῶν
255 298 401 360 πολιτῶν
429 291 467 358 ἐν
494 291 670 380 ὁτῳδήτινι
700 303 766 358 τῶν
794 292 964 377 δημοσίων
990 293 1080 380 τόπῳ
1110 300 1182 369 ταῖς

159 402 352 487 βακτηρίαις
374 400 498 465 παίειν·
522 410 590 466 τῶν
612 399 651 466 δὲ
673 398 744 468 κατ’
763 400 873 465 οίκίαν
895 397 1086 483 γενομένων
1104 399 1181 464 οὔτε

158 511 323 595 πρόνοιαν
341 507 418 572 οὔτε
442 508 597 592 φυλακὴν
615 505 803 591 ἐποιοῦντο,
825 506 887 591 τὴν
910 506 1046 571 αὔλειον
1067 505 1182 591 θύραν

158 614 299 681 ἑκάστου
328 614 410 700 ὅρον
433 607 520 680 είναι
546 623 605 698 τῆς
629 611 825 700 ἐλευθερίας
846 621 907 679 τοῦ
930 614 1008 696 βίον
1031 613 1182 695 νομίζον·
1224 639 1225 643 ’

158 745 220 799 τες.
266 718 317 810 (3)
336 718 487 804 Ῥωμαλοι
510 720 548 786 δὲ
570 728 681 786 πᾶσαν
705 719 969 797 ἀναπετάσαντες
994 719 1105 784 οίκίαν
1127 691 1227 820 καίῆ

159 827 255 915 μέχρι
290 837 351 894 τοῦ
388 828 556 912 δωματίου
592 827 655 912 τὴν
687 826 793 913 άργὴν
826 836 894 892 τῶν
925 835 1071 912 τιμητῶν
1101 845 1182 912 προ-

161 937 341 1021 αγαγόντες
373 933 530 1001 ἁπάντων
559 932 720 1020 ἐποίησαν
750 919 933 1000 ἐπίσκοπον
961 933 1017 1000 καί
1049 921 1183 1020 φύλακα

160 1053 228 1108 τῶν
246 1041 284 1108 ἐν
302 1043 419 1120 αὐταίς
438 1041 636 1127 γινομένων,
659 1042 737 1108 οὔτε
755 1042 921 1126 δεσπότην
939 1041 1087 1124 οἰόμενοι
1110 1041 1183 1106 δείν

161 1149 253 1232 ὠμὸν
282 1142 369 1216 είναι
398 1149 475 1235 περί
504 1150 562 1227 τάς
593 1150 751 1235 τιμωρίας
782 1149 920 1214 οίκετῶν
949 1148 1027 1212 οὔτε
1058 1146 1183 1234 πατέρα

160 1257 282 1342 πικρὸν
312 1255 333 1342 ἡ
365 1257 541 1339 μαλθακὸν
573 1255 657 1342 πέρα
689 1264 749 1322 τοῦ
781 1256 917 1341 μετρίου
949 1253 1026 1339 περί
1057 1252 1183 1320 τέκνων
1202 1274 1228 1314 ιο

161 1359 293 1448 ἀγωγάς
320 1363 397 1429 οὔτε
425 1363 532 1449 άνδρα
559 1363 636 1448 περί
658 1363 839 1428 κοινωνίαν
862 1371 1003 1446 γαμετῆς
1025 1361 1184 1444 γυναικὸς

161 1470 279 1536 άδικον
308 1471 386 1536 οὔτε
414 1470 536 1547 παίδας
565 1479 714 1556 γηραιῶν
743 1465 895 1546 ἆπειδείς
924 1467 1077 1554 πατέρων
1106 1468 1184 1533 οὔτε

162 1572 330 1663 ἀδελφοὺς
356 1578 517 1662 γνησίους
543 1577 581 1642 τὸ
609 1581 726 1642 πλείον
749 1575 826 1642 άντί
852 1583 913 1642 τοῦ
941 1575 1017 1642 ίσου
1046 1575 1184 1640 διώκον-

160 1706 229 1769 τας,
250 1683 290 1750 οὐ
310 1686 478 1767 συμπόσια
496 1683 551 1749 καί
569 1682 675 1766 μέθας
693 1685 910 1769 παννυχίους,
932 1682 994 1750 οὐκ
1013 1679 1185 1768 ἀσελγείας

161 1790 217 1856 καί
240 1792 374 1879 φθοράς
396 1792 581 1876 ἡλικιωτῶν
599 1790 697 1877 νέων,
720 1791 782 1877 οὐχ
808 1791 945 1878 ίερῶνὴ
969 1801 1086 1877 ταφῶν
1104 1810 1185 1875 προ·
1203 1807 1229 1848 1⁶

161 1899 297 1981 γονικάς
318 1899 414 1982 τιμδς
436 1896 649 1983 ἐκλιπούσας,
668 1899 730 1964 οὐκ
752 1899 832 1962 άλλο
851 1907 919 1962 τῶν
937 1898 1027 1982 παρὰ
1044 1897 1082 1960 τὸ
1101 1901 1184 1960 καθ-

160 2013 244 2088 ἡκον
266 2004 287 2090 ἡ
311 2005 485 2092 συμφέρον
507 2014 548 2091 τη
571 2006 666 2069 πόλει
690 2001 925 2089 πραττομένων
948 2001 1059 2068 οὐδέν.

234 2109 401 2195 ἐληίζοντο
429 2113 488 2187 τὰς
514 2113 645 2194 κτήσεις
671 2119 739 2175 τῶν
761 2114 908 2176 πολιτῶν
930 2110 1013 2174 κατὰ
1039 2109 1101 2192 τὴν
1123 2115 1184 2173 τοῦ

162 2218 343 2299 βασιλίζειν
366 2218 484 2281 αίτίαν.
530 2215 640 2280 Ανάιν.

233 2320 337 2388 XIHI.
361 2319 428 2410 (20,
447 2320 483 2410 4)
506 2321 672 2409 Νεμέριος
698 2321 823 2406 Φάβιος
845 2324 981 2408 Πίκτωρ
1004 2321 1060 2388 καί
1082 2323 1185 2388 Κόιν-
1203 2343 1229 2382 ιο

163 2453 220 2509 τος
243 2429 368 2513 Φάβιος
390 2426 545 2512 Μάξιμος
566 2428 622 2495 καί
645 2430 789 2507 Κόιντος
807 2429 998 2514 Ὀγούλνιος
1019 2429 1103 2515 πρὸς
1125 2430 1185 2494 τὸν

167 2537 380 2623 Φιλάδελφον
417 2541 628 2620 Πτολεμαῖον
668 2537 934 2623 πρεσβεύσαντες
974 2537 1067 2624 [περί
1107 2558 1206 2650 πρε-ἱ

236 2793 252 2841 2
277 2779 432 2857 γινομένων
457 2802 481 2840 ο.
503 2783 667 2839 δωδὶλεωλοε
689 2783 832 2854 Kiessh‘ng
907 2790 925 2838 4
947 2782 1066 2838 ἑκάστου
1088 2781 1184 2837 Ambr.

165 2855 271 2912 ἑκάστω
289 2856 391 2912 Nauck
410 2855 497 2927 (ubst)
572 2862 656 2912 δτοῶ
674 2864 789 2926 τιμητοῦ
808 2873 831 2912 ο.
847 2855 946 2910 Struve
1018 2854 1119 2923 9περλ
1137 2863 1187 2924 τῆς

164 2911 297 2997 τιμωρίας
315 2927 410 2982 Ambr.
429 2927 495 2996 περί
512 2926 563 2991 τδις
580 2925 714 2998 τιμωρίας
731 2928 824 2982 Maius
902 2931 935 2981 13
959 2925 1099 2996 ἀδελφοὺς
1121 2946 1186 2996 γνη-

166 2997 244 3062 σίους
260 2999 355 3056 Ambr.
375 2999 401 3054 ά.
415 3007 465 3070 της
483 2997 581 3062 οίσίοις
599 3016 621 3053 ο.
638 2999 737 3054 Struve
755 2999 790 3054 ss.
805 2997 901 3067 nggs
916 2996 1028 3063 Quasst.
1048 2997 1084 3052 ds
1102 2995 1135 3052 D.
1150 2997 1185 3052 H.

165 3086 218 3123 usu
249 3086 345 3140 μειερ.
380 3090 407 3140 p.
437 3076 453 3125 ὁ
544 3077 578 3124 14
610 3068 739 3140 ἀμελείας
775 3068 871 3124 Ambr.
908 3065 1051 3139 ἀσελγείας
1087 3068 1187 3124 βιτοιε

167 3146 200 3194 15
214 3140 347 3209 *ἡλικιῶν
365 3141 460 3197 Ambr.
479 3142 633 3212 ἡλικιωτῶν
651 3158 704 3212 ego
728 3142 731 3214 ἡ
755 3149 872 3210 ταφρῶν
890 3139 986 3195 Ambr.
1005 3157 1074 3194 corr.
1093 3139 1186 3194 Msius

166 3217 200 3264 21
226 3210 331 3275 Φάκιος
354 3213 450 3268 Ambr.
474 3229 543 3268 corr.
567 3213 660 3268 Maius
694 3213 698 3285 1
731 3213 886 3284 Ἀλγοάνιος
909 3210 1005 3266 Ambr.
1027 3209 1187 3282 Ὀγοίλνιος

166 3281 310 3352 Kiessh'ng
380 3290 414 3339 22
439 3283 525 3339 verbs
550 3285 614 3353 περὶ
632 3281 793 3356 πρεσβείας,
819 3299 891 3354 quse
910 3282 1043 3337 hocloco
1063 3281 1187 3336 sbsurds

167 3369 227 3408 esse
252 3351 311 3407 ism
336 3352 434 3410 struve
460 3357 603 3426 cognovit,
627 3355 770 3426 Kiessling
789 3355 904 3422 delevit3
924 3370 959 3409 ex
976 3356 1045 3408 ποτε
1063 3354 1138 3409 enim
1157 3354 1187 3408 in

166 3424 295 3494 margine
318 3427 449 3494 apposita
471 3428 502 3482 in
524 3427 672 3483 verborum
694 3427 821 3483 ordinem
843 3427 989 3496 irrepsisse
1012 3426 1039 3480 ei
1056 3425 1188 3482 videnkur
