2654 3916
556 173 723 223 -K-
1085 172 1150 237 317

12 326 14 406 ρ
127 297 168 362 τὸ
205 295 236 360 δ’
263 296 438 382 ἀριστερὸν
473 295 721 380 ὑποδεέστερον.
776 296 817 362 οὐ
854 295 968 379 μέντοι
1004 298 1068 361 σὺν
1104 307 1150 382 τῷ

128 403 293 488 άσχήμονι
315 405 356 469 τά
378 414 467 469 νῶτα
489 413 560 481 τοῖς
582 405 751 487 πολεμίοις
773 401 947 470 ἐνέκλιναν
970 402 1151 489 οὐδέτεροι,

128 509 214 576 άλλδ
251 513 316 576 σὺν
347 513 458 598 κόσμφ
495 511 551 576 καί
586 513 676 598 παρὰ
711 520 782 588 ταῖς
815 513 963 595 σημείαις
994 509 1151 593 μένοντες

128 615 279 702 ἑκάτεροι
306 617 361 683 καί
388 619 450 703 την
477 619 648 704 προβολὴν
672 617 895 702 φυλάττοντες
921 619 1004 683 κατὰ
1030 619 1151 704 μικρὸν

127 723 327 810 ὑπεχώρουν
350 725 464 791 ὀπίσω.
510 726 544 791 οί
571 725 609 790 δέ
636 724 889 811 ἀριστεύσαντες
914 721 1001 809 ἦσαν
1026 723 1062 790 ἐκ
1088 697 1195 827 μὲν4ὅ

127 841 188 915 τῆς
201 834 373 916 βασιλικῆς
387 841 541 919 στρατιᾶς
552 833 748 910 Μακεδόνες
761 870 806 878 -
820 826 913 897 οὗτοι
926 833 991 918 γὰρ
1005 830 1151 898 ἀνέστει-

128 942 193 1004 λαν
220 939 257 1004 τὸ
287 947 421 1022 πρῶτον
449 949 517 1005 τῶν
540 937 706 1022 Ῥωμαίων
733 939 959 1025 στρατόπεδον
988 939 1043 1005 καί
1072 941 1151 1018 τοὺς

10 1060 11 1078 ’
129 1047 195 1110 σὺν
216 1044 329 1122 αὐτοῖς
346 1045 530 1130 ταχθέντας
544 1048 711 1124 Λατίνους
728 1084 773 1092 -
791 1044 828 1111 ἐκ
846 1045 884 1111 δὲ
903 1055 960 1130 τῆς
974 1044 1150 1132 Ῥωμαικῆς

130 1153 163 1217 οί
186 1154 410 1230 συνελθόντες
438 1153 485 1230 είς
512 1154 549 1218 τὸ
573 1153 733 1238 δεύτερον
755 1152 861 1237 τάγμα
884 1156 1072 1231 Μολοττοίς
1095 1154 1151 1219 καί

131 1264 342 1344 Θεσπρωτοῖς
365 1260 420 1325 καί
443 1259 571 1326 Χάοσιν
593 1258 748 1326 ἐναντίοι.
789 1259 1007 1336 κελεύσαντος
1030 1260 1068 1326 δὲ
1089 1269 1149 1326 τοῦ
1169 1280 1195 1320 1⁰

128 1365 290 1449 βασιλέως
317 1369 396 1444 τοὺς
423 1365 605 1452 ἐλέφαντας
627 1365 683 1432 ἐπὶ
705 1368 742 1432 τὸ
765 1366 893 1449 κάμνον
915 1377 973 1451 της
996 1375 1150 1452 στρατιᾶς

128 1474 234 1558 άγειν,
261 1475 428 1556 μαθόντες
454 1475 516 1559 την
543 1470 670 1559 ἔφοδον
692 1484 760 1538 τῶν
781 1475 914 1559 θηρίων
940 1473 973 1538 ολ
999 1482 1071 1551 ταῖς
1097 1497 1150 1538 κε-

129 1583 323 1666 ραιοφόροις
343 1578 573 1666 ἐπιβεβηκότες
592 1577 729 1663 ἁμάξαις
745 1581 895 1664 ἤλαυνον
914 1579 1022 1663 ὁμόσε.
1056 1575 1150 1646 οὗτοι
1168 1577 1189 1644 5

127 1690 166 1754 τὸ
189 1689 251 1771 μὲν
273 1699 406 1774 πρῶτον
427 1685 567 1773 ἐπέσχον
590 1697 648 1773 της
670 1686 773 1773 δρμδγς
794 1689 835 1754 τά
857 1691 973 1776 θηρία,
996 1690 1150 1766 παίοντες

128 1805 200 1873 ταῖς
222 1805 384 1882 μηχαναῖς
406 1795 461 1861 καί
484 1797 541 1874 τὰς
564 1797 763 1882 πυρφόρους
784 1805 896 1880 χεῖρας
919 1793 953 1872 ἐς
976 1797 1034 1872 τάς
1056 1796 1150 1876 ὄψεις
1168 1814 1193 1855 ιε

128 1903 240 1969 αὐτῶν
272 1901 494 1989 ἐντρέποντες.
549 1899 660 1968 ἔπειτα
692 1901 803 1967 οὐκέτι
838 1903 1078 1986 προσαγόντων
1109 1903 1149 1966 τά

127 2013 233 2094 θηρία
255 2021 323 2076 τῶν
345 2009 576 2096 ἐφεστηκότων
597 2019 668 2084 τοῖς
690 2008 845 2091 πύργοις,
873 2007 957 2072 ἀλλὰ
979 2016 1050 2084 ταῖς
1072 2009 1149 2090 λόγ-

126 2140 200 2202 χαις
224 2117 418 2199 βαλλόντων
441 2119 576 2182 άνωθεν
597 2115 654 2180 καί
680 2125 748 2180 τῶν
769 2119 878 2194 ψιλῶν
901 2113 1149 2179 διακοπτόντων

126 2225 168 2288 τδ
195 2225 406 2305 περικείμενα
433 2222 536 2306 γέρρα
561 2231 634 2298 ταῖς
661 2219 797 2304 ἁμάξαις
823 2221 878 2286 καί
905 2221 1148 2306 νευροτομοόν-

126 2352 195 2394 των
215 2329 294 2404 τοὺς
316 2328 397 2410 βόας
420 2328 503 2414 [καί]
527 2329 779 2412 καταπηδῶντες
802 2327 866 2394 άπὸ
887 2338 955 2394 τῶν
975 2327 1148 2414 ὀχημάτων
1167 2347 1193 2388 ιο

128 2437 161 2502 ολ
192 2435 276 2521 πρὸς
306 2445 378 2512 ταῖς
407 2445 569 2520 μηχαναῖς
600 2435 807 2521 κατέφευγον
835 2436 882 2512 εἰς
908 2437 987 2512 τοὺς
1014 2432 1149 2520 ἔγγιστα

128 2547 245 2623 πεζοὺς
276 2543 332 2608 καί
364 2543 492 2627 πολλὴν
519 2552 679 2628 παρεῖχον
706 2541 819 2619 αὐτοῖς
849 2546 1004 2628 ταραχήν.
1050 2545 1083 2610 οἱ
1110 2541 1187 2610 δδδ

128 2649 166 2718 ἐν
187 2651 270 2742 μέση
293 2659 333 2737 τῇ
357 2653 511 2736 βασιλικῇ
536 2649 682 2736 φάλαγγι
704 2648 883 2734 ταχθέντες
902 2651 1070 2716 Λευκανοί
1092 2651 1148 2716 καί

9 2851 10 2856 ¹
128 2758 279 2844 Βρέττιον
314 2757 439 2844 χρόνον
471 2757 512 2822 οὐ
549 2759 657 2822 πολὺν
694 2755 937 2840 ἀγωνισάμενοι
971 2756 1148 2844 τρέπονται

127 2866 211 2950 πρὸς
243 2867 357 2950 φυγὴν
387 2863 454 2929 ὑπὸ
487 2872 548 2930 τοῦ
584 2863 742 2949 τετάρτου
770 2860 948 2946 Ῥωμαικοῦ
985 2863 1148 2948 τάγματος
1165 2880 1191 2922 ιι

127 2971 374 3050 ἀνασταλέντες.
420 2971 464 3048 ὡς
487 2969 525 3036 δὲ
548 2968 632 3048 άπαξ
656 2969 828 3036 ἐνέκλιναν
852 2963 959 3053 οὗτοι,
981 2969 1037 3034 καὶ
1060 2971 1147 3057 διερ-

200 3152 215 3200 3
242 3146 378 3220 σημαίαις]
405 3143 537 3218 σημαίαις
560 3163 583 3200 c.
602 3144 691 3200 Cobet
709 3144 773 3200 obs.
792 3162 820 3214 p.
836 3149 888 3198 218
961 3149 976 3198 6
1003 3143 1147 3212 στρατείας

127 3218 193 3272 Ath.
213 3233 281 3272 corr.
301 3219 402 3274 Mffller
422 3219 425 3292 ί
447 3215 591 3273 άνέτειλαν
609 3217 674 3271 Αλλι.
695 3233 764 3272 corr.
783 3215 886 3271 Mffller
951 3221 983 3270 11
1003 3213 1147 3284 στρατείας

127 3290 192 3344 Ath.
209 3305 277 3342 corr.
291 3289 394 3346 Mffller
442 3295 474 3344 12
489 3285 676 3358 κερασφόροις
688 3287 754 3344 Ath.
770 3305 839 3343 corr.
853 3286 968 3342 Dfibner
1014 3294 1047 3342 16
1061 3303 1147 3356 προσ-

128 3357 267 3486 ηιχόντηιν(1
280 3359 556 3485 βδφωχιροαγόντων
581 3359 683 3414 Mfiller
759 3365 792 3414 19
817 3359 1055 3430 νευριτομοόκτων
1079 3359 1145 3414 Ath.

181 3451 239 3490 κα,
268 3447 302 3486 e.
389 3447 419 3487 er
864 3473 866 3478 .
