2668 3922
173 215 239 279 222
527 213 775 265 ’-ΙΒ-

175 341 307 424 ρότατοι
335 345 526 421 λογοποιεῖν
554 337 703 421 ἐτόλμων
729 336 767 404 ἐν
793 347 866 416 ταῖς
892 335 966 424 ἑξῆς
992 339 1128 425 ἡμέραις
1150 341 1214 417 ὡς·
1328 323 1329 360 ³

174 445 431 530 ἀνηρπασμένου
463 447 548 531 πρὸς
578 457 658 512 τῶν.
677 447 834 516 δυνατῶν
864 454 925 511 τοῦ
956 447 1122 512 Μαιλίου.
1139 447 1197 511 καὶ

175 552 418 631 διαστασιάζειν
444 554 505 620 τὸν
528 554 636 637 δῆμον
659 552 865 638 ἐπεχείρουν·
895 551 954 630 οὓς
981 549 1106 638 ἀφανεῖ
1131 559 1197 618 θα-

174 659 262 746 νάτῳ
281 659 543 744 διαχρησάμενος
562 659 580 725 ὁ
599 660 772 745 δικτάτωρ,
795 658 908 744 ἐπειδὴ
931 658 1116 726 κατόπαυσε
1134 667 1195 725 τοῦ

142 766 344 852 ιθορύβου,
367 768 429 852 την
452 765 558 853 ἀρχὴν
581 766 785 833 ἀποτίθεται.

134 859 213 938 2”
250 875 291 939 Ol
319 872 380 956 μὲν
403 874 444 958 δη
468 875 509 939 τά
533 874 749 940 πιθανώτατά
772 897 828 958 μοι
851 875 1030 951 δοκοῦντες
1051 873 1196 959 γράφειν

174 981 251 1066 περὶ
274 989 332 1064 τῆς
354 982 505 1047 Μαιλίου
528 985 683 1066 τελευτῆς
705 982 791 1048 ούτω
815 982 1082 1068 παραδεδώκασι·
1106 979 1196 1064 λεγό-

175 1094 249 1153 σθοι
277 1087 315 1153 δὲ
342 1088 397 1153 καῖ
425 1087 443 1153 ό
472 1087 582 1154 δοκῶν
603 1085 704 1172 ἧττον
727 1083 816 1155 εἶναί
840 1113 897 1172 μοι
918 1089 1065 1165 πιθανὸς
1087 1089 1196 1171 λόγος,

176 1185 203 1282 ᾦ
225 1192 380 1280 κέχρηται
403 1196 543 1278 Κίγκιος
565 1196 622 1260 καῖ
644 1197 895 1282 Καλπούρνιος,
922 1194 1093 1282 ἐπιχώριοι
1116 1212 1197 1278 συγ-

130 1321 157 1362 ιο
174 1311 327 1387 γραφεῖς·
365 1301 401 1367 οἵ
430 1311 535 1387 φασιν
567 1303 644 1368 οὔτε
676 1303 853 1390 δικτάτορα
884 1302 950 1369 ὑπὸ
982 1313 1040 1388 τῆς
1072 1305 1196 1386 βουλῆς

175 1408 418 1494 ἀποδειχθῆναι
447 1409 507 1474 τὸν
536 1411 698 1490 Κοίντιον
728 1411 805 1476 οὔτε
838 1409 1006 1496 ἱππάρχην
1036 1409 1103 1474 ὑπὸ
1134 1417 1195 1473 τοῦ

135 1515 156 1580 3
175 1518 337 1584 Κοιντίου
355 1516 416 1581 τὸν
434 1517 644 1600 Σερουίλιον.
680 1516 862 1602 γενομένης
879 1517 918 1582 δὲ
935 1518 1107 1602 μηνύσεως
1129 1515 1195 1580 ὑπὸ

175 1632 235 1688 τοῦ
254 1624 435 1707 Μηνυκίου
459 1625 538 1699 τοὺς
560 1626 727 1709 παρόντας
750 1623 788 1690 ἐν
805 1635 851 1711 τῷ
875 1624 1040 1712 συνεδρίῳ
1064 1623 1197 1688 πιστεύ-

167 1746 297 1806 σαντας
328 1728 438 1813 ἀληθῆ
468 1712 509 1794 τά
538 1732 700 1814 λεγόμενα
729 1725 830 1816 εἶναι,
860 1718 1001 1817 γνόμηύ
1024 1728 1196 1808 ἀποδειξα-

131 1855 156 1896 ιι
175 1834 278 1918 μένου
310 1845 379 1900 τῶν
410 1837 646 1923 πρεσβυτέρων
676 1839 768 1916 τινὸς
800 1839 935 1923 ἀκριτον
966 1835 987 1923 ᾖ
1020 1838 1086 1922 μην
1116 1837 1196 1902 ἀπο

174 1952 300 2007 κτεῖναι
323 1943 383 2008 τὸν
406 1943 514 2030 ἀνδρα
536 1953 733 2030 παραχρῆμα
755 1943 969 2028 πεισθέντας,
997 1943 1080 2030 [καί]
1109 1943 1195 2010 οὕτω

174 2050 234 2114 τὸν
257 2051 459 2136 Σερουίλιον
482 2049 537 2116 ἐπὶ
563 2060 661 2142 τοῦτο
688 2048 782 2128 τάξαι
808 2052 846 2116 τὸ
869 2048 980 2137 ἔργον,
1007 2050 1088 2118 νόον
1114 2051 1196 2116 όντα

134 2157 230 2222 4καί
252 2158 335 2223 κατά
358 2167 452 2245 χεῖρα
474 2168 642 2243 γενναῖον.
678 2165 799 2222 τοῦτον
822 2156 862 2223 δέ
883 2174 966 2244 φασι
989 2151 1136 2242 λαβόντα
1157 2160 1195 2224 τὸ

150 2304 152 2309 .
175 2261 323 2348 ξιφίδιον
341 2263 407 2330 ὑπὸ
431 2266 535 2350 μάλης
558 2264 673 2331 ἐλθεῖν
696 2266 779 2350 πρὸς
801 2265 861 2330 τὸν
883 2268 1033 2331 Μαίλιον
1055 2268 1196 2353 πορευό-
1293 2275 1297 2280 ’

131 2393 157 2434 εο
175 2393 278 2452 μενον
310 2369 346 2437 ἐκ
377 2381 435 2456 της
472 2372 595 2457 ἀγοράς
630 2371 686 2436 καί
721 2374 956 2456 προσελθόντα
991 2374 1108 2457 εἰπεῖν,
1145 2373 1196 2438 ὅτι

175 2478 331 2559 βούλεται
353 2479 430 2562 περὶ
452 2479 642 2564 πράγματος
665 2478 855 2563 ἀπορρήτου
878 2480 934 2544 καῖ
956 2479 1102 2564 μεγάλου
1125 2480 1196 2544 δια-

176 2588 337 2667 λεχθῆναι
366 2586 450 2670 πρὸς
479 2585 590 2651 αὐτόν.
640 2585 859 2663 κελεύσαντος
888 2586 940 2650 δὲ»
954 2596 1015 2656 τοῦ
1045 2589 1196 2663 Μαιλίου

175 2690 295 2774 μικρὸν
314 2689 526 2776 ἀποχωρῆσαι
544 2694 622 2769 τοὺς
643 2690 743 2776 όγγύς
765 2691 854 2778 αύτῷ
878 2694 1059 2778 παρόντας,
1082 2691 1195 2778 ἐπειδὴ

129 2946 130 2950 ,
249 2909 263 2956 1
284 2901 314 2957 ἐν
332 2910 395 2964 ταῖς
413 2901 443 2955 ἐν
461 2909 523 2964 ταῖς
542 2901 603 2956 Εεο.
670 2909 687 2956 4
705 2911 755 2958 τοῦ
773 2903 901 2974 θορύβου
919 2903 981 2958 Eae.
1000 2899 1050 2959 τὸν
1068 2901 1196 2974 θόρυβον

176 2991 198 3028 ο.
214 2973 304 3028 Εοόοτ
322 2973 606 3028 οῐ.Ρ1εάοΡοΙίιίοιιε
625 2991 652 3042 p.
668 2974 757 3028 294ss
813 2981 828 3028 6
847 2994 901 3044 μου
919 2975 980 3029 Ειο.
1036 2980 1052 3028 9
1071 2972 1197 3045 κόχριται

175 3043 286 3112 κίρκεος
310 3045 360 3099 καὶ
385 3045 590 3113 καλπούρνινος
612 3045 673 3099 Eae.
698 3043 847 3115 κέχρηνται
867 3045 911 3100 vel
929 3043 1062 3116 κέχρηται
1079 3043 1198 3117 Κίγκιός

174 3136 203 3170 τε
228 3117 278 3170 καὶ
301 3117 496 3184 Καλπούρνιος
521 3115 611 3172 Foder
635 3114 768 3187 κέχρηται
792 3116 894 3171 Mffller
927 3118 930 3188 Ι
964 3117 1014 3172 καί
1037 3117 1115 3172 άλῖοι
1138 3117 1196 3172 ἐπι-

175 3188 273 3256 χώριοι
291 3204 314 3242 ο.
329 3187 472 3258 Kiessling
490 3188 525 3242 de
543 3189 624 3243 Dion.
639 3188 704 3242 Hal.
718 3189 784 3242 Ant.
799 3187 1025 3257 auet.1at.p.15
1094 3195 1128 3243 14
1146 3189 1197 3242 καὶ

176 3261 242 3312 ante
267 3260 323 3328 γνώ
344 3278 379 3328 ην
404 3260 583 3314 inserendum
608 3276 668 3314 esse
691 3259 793 3314 Mtiller
818 3261 913 3314 censet·
985 3264 1018 3312 15
1042 3255 1111 3330 ἦμεν
1133 3261 1196 3315 Εεο,

176 3335 209 3383 16
228 3333 315 3384 πειτθ
330 3349 391 3393 ντες
408 3331 470 3385 Εεο,
495 3332 497 3402 ξ
523 3331 572 3386 καὶ
591 3331 644 3386 del.
663 3331 766 3385 Mfiller
790 3330 794 3402 λ
819 3325 836 3398 ἦ
855 3329 910 3400 μην
929 3330 1079 3385 delendum
1098 3333 1127 3386 et
1144 3349 1196 3400 pro

175 3398 343 3464 πεισθέντας
362 3402 541 3458 scribendum
560 3419 619 3457 esse
637 3407 792 3472 πεισθῆναι
809 3401 918 3470 Kayser
929 3401 1023 3458 Fleok.
1038 3405 1110 3458 Anu.
1126 3409 1197 3458 1870

176 3474 319 3542 (101)‘12'1
340 3477 435 3529 censet
506 3480 540 3528 20
561 3471 738 3542 προελθόντα
756 3473 817 3527 Εεο.
841 3470 1036 3540 προσελθόντα
1051 3473 1198 3544 Kiessh'ng
