2662 3920
576 218 732 268 -1-
1118 215 1162 280 σε

141 340 356 425 βαλλομένων
392 341 430 406 δὲ
466 340 522 406 καλ
557 342 792 426 παρελκόντων
827 351 895 406 τῶν
931 337 1068 406 ὑπάτων
1103 341 1163 408 τὸν

56 467 130 517 2073
140 451 265 534 χρόνον
296 447 426 532 πέμψας
458 449 518 513 τὸν
549 445 719 534 ὑπηρέτην
756 447 801 524 ὡς
836 447 959 525 αὐτοὺς
991 446 1163 514 ἐκέλευσεν

140 554 196 622 ἐπὶ
218 557 281 640 τὴν
306 555 411 641 ἀρχὴν
435 553 637 632 ἀκολουθεῖν
659 555 715 621 καλ
737 556 800 639 την
822 557 950 640 βουλὴν
975 559 1162 638 συγκαλεῖν.

140 661 211 728 ἐπεὶ
244 663 283 728 δὲ
313 673 381 728 τῶν
414 662 612 748 ῥαβδούχων
642 685 693 739 τις
724 661 872 746 ἀπήλασε
903 663 963 729 τὸν
994 659 1163 748 ὑπηρέτην
1239 715 1242 721 .

140 770 334 847 κελευσθεὶς
360 766 427 835 ὑπὸ
454 779 522 835 τῶν
544 767 691 852 ὑπάτων,
717 767 948 854 ,ἀγανακτήσας
975 764 1164 844 ὁἸκίλλιος
1195 789 1207 829 ι

140 877 196 942 καλ
219 877 252 942 οί
275 877 498 963 συνάρχοντες
526 876 645 960 αὑτοῦ,
674 869 948 959 συνέλαβοντδν
973 875 1163 962 ῥαβδοῦχον

140 984 196 1050 καὶ
228 983 358 1068 ἀπῆγον
400 983 444 1060 ὡς
481 983 636 1070 ῥίψοντες
661 985 750 1049 κατὰ
781 993 839 1068 τῆς
872 981 1000 1068 πέτρας.
1056 982 1089 1047 ολ
1125 981 1203 1048 δὲ4

139 1089 261 1156 ὑπατοι
278 1091 463 1174 βιάσασθαι
480 1090 542 1173 μὲν
562 1090 583 1175 η
608 1091 668 1156 τὸν
687 1089 852 1174 ἀγόμενον
870 1089 1071 1175 ἀφελέσθαι,
1093 1090 1164 1170 καί-Υ

140 1221 192 1263 τοι
215 1199 309 1263 δεινὰ
333 1198 511 1275 δοκοῦντες
535 1195 715 1282 ὑβρίσθαι,
742 1197 903 1263 ἀδύνατοι
924 1193 1022 1281 ἦσαν,
1049 1194 1163 1282 ἐπεκα-

141 1311 262 1371 λοῦντο
295 1305 334 1371 δὲ
364 1306 426 1389 τὴν
458 1303 494 1370 ἐκ
530 1315 598 1370 τῶν
630 1305 741 1370 όίλλων
777 1305 955 1391 δημάρχων
991 1307 1162 1388 βοήθειαν.
1182 1327 1208 1366 ιο

141 1411 248 1478 οὐθὲν
275 1414 339 1497 γάρ
367 1422 435 1478 τῶν
462 1410 698 1498 πραττομένων
724 1408 792 1477 ὑπὸ
819 1420 877 1496 τῆς
904 1409 1007 1496 ἀρχῆς
1036 1408 1163 1495 ἐκείνης

141 1517 290 1602 ἐπισχεῖν
321 1518 342 1603 ἢ
379 1523 527 1584 κωλῦσαι
562 1528 639 1584 τῶν.
668 1520 779 1585 ἄλλων
814 1519 881 1586 τινί
913 1515 1050 1602 ἔξεστιν,
1087 1513 1159 1583 ἀλλ’

141 1624 256 1710 ἑτέρου
287 1625 458 1711 δημάρχου
487 1622 578 1691 τοῦτ’
603 1625 673 1691 ἐστὶ
703 1627 740 1692 τό
770 1626 897 1712 κράτος.
943 1637 1014 1705 τοῖς
1043 1623 1074 1690 δ’
1099 1625 1203 1712 άραὸ

141 1741 244 1798 πᾶσιν
266 1728 310 1817 ἦν
332 1740 436 1798 ταῦτα
460 1729 530 1798 κατ’
553 1731 655 1820 ἀρχὰς
682 1733 867 1818 δεδογμένα
893 1733 967 1819 μήτ’
989 1735 1164 1819 εἰσηγησα-

141 1841 227 1905 σθαί
246 1862 322 1905 τινα
348 1841 467 1906 καινὸν
494 1842 675 1923 πολίτευμα
702 1840 812 1925 μηθὲν
840 1837 894 1926 ἐφ’
916 1839 1037 1907 ἑαυτοῦ
1064 1843 1163 1925 βαλό-
1182 1861 1207 1902 ιι

139 1969 254 2032 μενον,
277 1945 337 2012 ἐὰν
354 1949 399 2032 μη
422 1955 504 2013 πᾶσι
525 1949 563 2014 τὸ
588 1948 670 2014 αὑτὸ
694 1949 792 2035 δοκῇ,
814 1951 895 2033 μητε
918 1946 1166 2032 ἐναντιωθῆναί

139 2075 215 2119 τινα
236 2063 317 2132 τοῖς
330 2043 332 2048 ’
347 2051 600 2140 πραττομένοις,
637 2055 687 2120 όσ’
715 2055 757 2121 άν
794 2057 828 2120 αἱ
864 2057 1000 2134 πλείους
1035 2065 1164 2139 γνῶμαι

57 2177 130 2226 2074
141 2161 357 2244 δοκιμάσωσι·
389 2161 445 2226 καί
477 2162 553 2247 περὶ
585 2163 714 2228 τούτων
746 2162 852 2240 εὐθὺς
884 2163 950 2243 ἅμα
981 2173 1026 2248 τῷ
1059 2182 1163 2247 παρα-

141 2271 257 2350 λαβεῖν
275 2269 337 2352 την
361 2264 467 2354 ἀρχὴν
492 2269 563 2354 ίερά
586 2269 754 2346 θύσαντες
777 2269 898 2354 ὅρκους
918 2264 1044 2333 έδοσαν
1066 2267 1164 2352 ἀλλη-

141 2379 225 2452 λοις·
249 2373 355 2452 οὑτως
378 2375 526 2457 οἰόμενοι
548 2374 689 2456 μάλιστα
711 2377 750 2441 τὸ
768 2385 827 2461 τῆς
845 2376 1028 2461 δημαρχίας
1046 2374 1164 2441 ἀκατά-
1181 2397 1208 2437 τι

141 2485 244 2546 λυτον
275 2477 414 2547 ἔσεσθαι
444 2481 578 2568 κράτος,
615 2480 675 2547 ἐὰν
710 2483 748 2548 τὸ
785 2482 960 2562 στασιάζον
991 2480 1025 2560 έξ
1062 2483 1164 2567 αὐτῆς

141 2587 315 2675 ἀναιρεθῇ.
351 2596 450 2654 τοῦτο
469 2588 510 2672 δη
530 2589 754 2674 φυλάττοντες
776 2591 814 2655 τὸ
838 2593 1049 2673 συνωμόσιον
1068 2583 1164 2656 εἶπον
1182 2592 1203 2656 6

141 2695 330 2778 ὑπάγεσθαι
352 2696 412 2760 τὸν
431 2696 565 2781 φύλακα
587 2705 645 2781 τῆς
668 2694 770 2783 ἀρχῆς
791 2707 859 2762 τῶν
876 2694 1024 2781 ὑπάτων,
1046 2699 1164 2782 κοινὴν

141 2801 298 2868 ἁπάντων
316 2795 403 2868 είναι
426 2802 578 2887 λέγοντες
600 2804 667 2888 την·
680 2805 827 2890 γνώμην,
851 2804 891 2870 οὐ
909 2807 976 2890 μην
995 2804 1164 2888 διέμεινάν

141 2905 172 2992 γ’
191 2907 245 2974 ἐπὶ
267 2920 326 2995 τῆς
348 2909 464 2997 ὀργῆς,
492 2910 576 2976 ἀλλὰ
599 2921 669 2988 τοῖς
692 2912 931 2998 πρεσβυτάτοις
953 2922 1021 2978 τῶν
1044 2909 1080 2976 ἐκ
1102 2921 1207 2976 τοῦεε

213 3090 229 3138 5
254 3079 311 3140 ὑπὸ
335 3094 391 3141 τῶν
416 3073 531 3142 ὑπάτων
541 3071 547 3083 ⁰
559 3104 612 3143 om.
628 3073 660 3142 μΟ
686 3090 800 3158 praeter
823 3087 846 3141 B
920 3093 934 3143 7
960 3085 1094 3160 ῥίψαντες
1117 3087 1163 3142 Ba

142 3161 157 3210 9
184 3155 265 3211 δεινὰ
289 3155 427 3228 ὑβρίσθαι
450 3158 640 3221 δοκοῦντεςΒ
687 3197 689 3200 -
714 3165 747 3214 15
771 3157 818 3228 ἐφ’
840 3157 930 3232 ἑαυτῷ
942 3157 1119 3284 Ερυλόμενον
1138 3161 1163 3212 Α

142 3225 188 3296 ἐφ’
214 3227 304 3300 ἑαυτῷ
329 3227 483 3299 βαλόμενον
507 3230 531 3283 Β
561 3228 608 3299 ἐφ’
630 3229 651 3284 ἑ.
671 3228 873 3302 ἐπιβαλόμενον
898 3247 920 3284 ο.
971 3231 1086 3301 'eseling
1113 3229 1160 3299 ἐφ’

142 3297 243 3356 ἑαυτοῦ
278 3297 433 3371 βαλόμενον
466 3301 622 3356 rectissime
656 3301 765 3370 Kayser
796 3304 867 3358 Ann.
897 3302 967 3370 phiL
999 3307 1082 3368 1870,
1111 3307 1163 3356 718

143 3375 176 3423 17
203 3368 262 3424 ἀλλ’
284 3369 299 3424 ὃ
319 3367 355 3426 δν
378 3373 403 3426 Α
431 3370 446 3426 ὃ
470 3372 524 3442 γὰρ
548 3369 584 3428 δν
607 3372 630 3425 Β
659 3371 727 3442 ὅπερ
751 3370 787 3428 δν
810 3373 954 3444 Kiessling
981 3373 1052 3442 ἅπερ
1077 3371 1112 3429 δν
1138 3390 1162 3428 ο.

142 3439 251 3509 Kayser
267 3442 340 3498 Ann.
359 3443 429 3512 phil.
444 3449 521 3511 1870,
542 3449 593 3498 723
621 3441 682 3498 *ὅτ’
704 3442 740 3498 δν
755 3461 821 3515 ορος
840 3447 906 3514 post
923 3444 1095 3514 δοκιμάσωσι
1114 3445 1163 3498 ιά-

142 3512 215 3566 dunt
234 3511 256 3566 O
274 3514 389 3581 praeter
406 3514 458 3568 AB
477 3513 553 3570 τοῦτ’
570 3509 645 3570 εἶναι
662 3515 762 3584 κόριον
831 3523 864 3570 21
883 3515 997 3588 κράτος]
1016 3516 1125 3584 θράσος
1137 3517 1163 3569 A
