2654 3916
146 203 211 271 296
385 253 401 278 .
563 235 596 244 -
634 205 680 260 ΙΘ
716 235 750 244 -

145 327 417 416 ἐστεφανωμένος
444 330 555 418 ὥσπερ
578 329 615 397 ἐκ
642 333 845 416 συμποσίου,
873 333 1053 419 παιδίσκην
1075 355 1184 422 περι-·

145 438 290 523 ειληφδις
331 437 514 524 αὐλητρίδα
553 440 742 520 κωμαστικά
781 439 862 524 μέλη
899 447 1166 527 προσαυλούσαν.

104 545 125 610 2
145 541 219 631 (14)
238 546 468 629 Διαλυθείσης
486 545 525 610 δέ
542 554 600 629 της
618 544 774 610 ἁπάντων
793 548 942 632 σπουδῆς
960 550 1008 626 είς
1029 547 1167 634 γέλωτα,

144 651 201 717 καλ
227 662 295 718 τῶν
322 652 384 735 μὲν
411 648 506 739 ᾄδειν
528 651 632 718 αὐτὸν
654 654 870 738 κελευόντων,
899 665 968 720 τῶν
995 655 1033 721 δέ
1060 655 1167 742 ὀρχεῖ-

113 765 228 825 εσθαι
272 757 475 844 περιβλέψας
520 758 631 846 κύκλῳ
671 759 727 824 καλ
762 769 803 845 τῇ
840 761 926 846 χειρί
962 762 1167 847 διασημήνας

143 866 287 951 ἡσυχίαν
310 865 399 954 αύτῷ
422 875 616 952 παρασχεῖν,
638 863 752 950 ἐπειδὴ
775 866 961 942 κατέστειλε
982 870 1043 935 τὸν
1060 871 1167 955 θόρυ-

144 975 220 1055 βον·
239 969 395 1059 Ἄνδρες,
419 969 499 1058 ἔφη,
522 977 669 1057 πολῖται,
691 973 830 1058 τούτων,
854 967 902 1039 ὧν
925 973 982 1058 ἐμδ
1004 984 1167 1042 ποιοῦντα

145 1078 242 1164 δρᾶτε
273 1087 349 1164 νῦν,
382 1078 483 1146 οὐδὲν
514 1079 596 1162 ύμῖν
628 1077 755 1158 ἐξέσται
786 1090 906 1166 ποιεῖν,
938 1079 997 1147 ἐάν
1028 1083 1167 1166 βασιλέα

104 1186 199 1252 3καλ
227 1187 383 1272 φρουράν
406 1186 454 1264 είς
480 1186 542 1270 τὴν
564 1188 664 1252 πόλιν
692 1187 859 1253 εἰσελθεῖν
887 1185 1011 1273 ἐάσητε.
1057 1189 1102 1267 ὡς
1128 1189 1167 1256 δέ

99 1316 126 1356 ιο
143 1292 364 1376 κινουμένους
394 1293 450 1359 καὶ
484 1293 708 1378 προσέχοντας
740 1287 809 1359 εἶδε
842 1297 988 1373 πολλοὺς
1022 1297 1079 1362 καί
1114 1319 1166 1362 κε·

145 1401 304 1478 λούοντας
330 1399 451 1484 λέγειν,
478 1400 592 1479 σώζων
615 1396 664 1465 ἔτι
690 1401 727 1466 τὸ
755 1404 968 1486 προσποίημα
994 1412 1053 1488 τῆς
1074 1427 1166 1489 κραι-

144 1507 250 1593 πάλης
271 1510 312 1573 τά
335 1509 571 1591 συμβησόμενα
595 1507 708 1584 αὐτοῖς
729 1507 905 1594 ἠριθμεῖτο
928 1508 1024 1574 κακά·
1053 1506 1102 1574 ἐτι
1128 1510 1166 1576 δὲ

144 1614 248 1680 αὐτοῦ
268 1614 424 1698 λέγοντος
442 1615 475 1679 οῖ
492 1623 561 1680 τῶν
575 1625 687 1681 κακῶν
703 1614 803 1681 αίτιοι
821 1617 1045 1699 συλλαβόντες
1063 1617 1167 1683 αὐτὸν

143 1722 227 1786 κατά
248 1725 395 1805 κεφαλῆς
418 1718 606 1798 ἐξωθοῦσιν
629 1721 665 1788 ἐκ
688 1731 748 1787 τοῦ
771 1721 927 1808 θεάτρου.
968 1723 1079 1789 Ambr.

99 1848 124 1889 τι
215 1825 319 1896 ἯΠΙ,
344 1825 487 1914 (17,1f›)
512 1832 675 1906 Βασιλεύς
695 1829 908 1914 Ἠπειρωτῶν
931 1831 1084 1916 Πύρρος,
1107 1834 1167 1914 βα-

144 1934 261 2012 σιλέως
300 1934 482 2020 Αἰακίδου,
523 1938 664 2024 Ποπλίῳ
709 1936 880 2025 Οὐαλερίῳ
921 1948 966 2024 τῷ
999 1934 1166 2020 Ῥωμαίων

143 2042 258 2130 ὑπάτῳ
286 2043 422 2129 χαίρειν.
468 2043 641 2108 πεπύσθαι
668 2043 730 2125 μὲν
758 2044 845 2120 εἰκός
873 2059 910 2108 σε
937 2046 1017 2128 παρ’
1033 2043 1166 2129 ἐτέρων,

144 2150 195 2217 ὅτι
226 2149 360 2236 πάρειμι
391 2151 472 2233 μετὰ
503 2159 561 2233 τῆς
593 2148 764 2231 δυνάμεως
796 2152 1013 2234 Ταραντίνοις
1043 2173 1079 2216 τε
1109 2150 1166 2216 καί

144 2267 213 2334 τοῖς
236 2258 349 2334 ἄλλοις
369 2256 567 2334 Ἰταλιώταις
587 2253 876 2338 ἐπικαλεσαμένοις
894 2260 1086 2342 βοηθήσων·
1109 2257 1166 2322 καί

99 2385 125 2425 εο
143 2363 227 2449 μηδὲ
254 2372 357 2429 ταῦτα
385 2363 531 2447 ἀγνοεῖν,
557 2365 661 2428 τίνων
682 2385 718 2428 τε
746 2362 881 2447 ἀνδρῶν
906 2363 1072 2448 ἀπόγονός
1099 2365 1166 2446 εἰμι

122 2471 199 2536 ‘nal
225 2473 319 2548 τίνας
347 2469 447 2548 αὐτὸς
475 2469 710 2552 άποδέδειγμαι
737 2467 871 2555 πράξεις
897 2470 952 2536 καλ
975 2472 1084 2555 πόσην
1106 2470 1166 2535 δύ-

103 2579 245 2660 2ναμιν
267 2575 430 2660 ἐπάγομαι
456 2577 512 2641 καί
534 2576 579 2652 ὡς
601 2577 641 2640 τά
663 2575 803 2658 πολέμια
826 2575 968 2662 άγαθην.
1014 2577 1166 2659 οἰόμενος

143 2685 186 2768 δή
214 2701 251 2750 σε
278 2683 407 2749 τούτων
435 2681 574 2748 ἕκαστον
599 2680 867 2766 έπιλογιζόμενον
893 2685 937 2768 μη
965 2683 1165 2770 περιμένειν,

145 2790 205 2870 ἕως
237 2788 322 2878 ἔργῳ
354 2790 410 2856 καί
441 2791 541 2876 πείρᾳ
571 2789 683 2880 μάθης
713 2790 775 2874 τὴν
806 2791 889 2856 κατά
923 2793 1001 2869 τοὺς
1034 2790 1166 2876 άγῶνας

216 2973 230 3020 1
250 2965 446 3038 περιειληφδος]
465 2966 644 3034 παρειληφὼς
662 2963 750 3019 Cobet
768 2965 833 3020 Obs.
853 2984 880 3035 p.
896 2972 947 3021 216
968 2982 1024 3034 quo
1043 2983 1165 3021 eommo-

144 3039 207 3092 dius
226 3038 353 3107 puellula
370 3037 450 3092 tibiis
469 3040 584 3091 eantare
602 3037 716 3104 possiti!
790 3043 807 3091 2
829 3040 1047 3106 προσαυδουοαν
1067 3037 1164 3092 Ambr.

143 3109 219 3163 Maio
251 3111 324 3164 leste
355 3125 428 3177 προσ
438 3107 554 3162 ’δουσαν
587 3107 685 3162 Struve
719 3111 933 3176 προσαυλούσαν
970 3126 993 3163 ο.
1022 3109 1166 3179 Kiessling

145 3187 178 3235 12
203 3179 347 3250 ἠριθμεῖτο
373 3127 468 3234 Δαιέτ.
489 3195 557 3233 corr.
576 3178 669 3232 Maius
746 3185 780 3233 14
805 3179 878 3233 κατὰ
902 3179 1070 3249 κεφαλὴνΟ
1094 3197 1164 3235 corr.

143 3251 240 3305 Naber
257 3251 359 3306 Mnem.
376 3257 418 3319 30,
433 3255 485 3306 260
541 3256 574 3305 15
592 3251 707 3318 Πύρρος
724 3247 786 3313 υλδς
804 3247 936 3322 βασιλέως
955 3269 978 3306 ο.
993 3251 1082 3306 Cobet
1098 3250 1164 3306 obs.

143 3341 170 3392 p.
186 3329 238 3377 216
311 3328 345 3376 22
365 3320 536 3392 ἐπαγόμενος
553 3321 649 3377 Ambr.
669 3320 809 3391 ἐπάγομαι
827 3321 926 3376 Struve
951 3323 954 3394 l
982 3320 1110 3392 οἰόμενος
1128 3322 1164 3393 δὴ

143 3393 239 3449 Ambr.
267 3390 394 3462 οἰόμενος
419 3393 450 3448 δδ
476 3393 575 3447 Slruve
648 3398 682 3446 23
704 3389 862 3462 περιμένειν
885 3393 982 3448 Ambr.
1004 3403 1165 3464 περιμενεῖν

144 3465 243 3520 Struve
302 3471 336 3519 24
355 3463 406 3527 ἕως
420 3461 456 3520 δν
471 3481 493 3520 ο.
505 3464 659 3534 Kiessling3
675 3465 710 3518 cf.
724 3464 872 3518 Baumann
887 3465 921 3519 de
935 3482 989 3520 usu
1002 3466 1075 3520 mod.
1090 3483 1119 3534 p.
1129 3471 1164 3520 4⁷
