2662 3920
597 189 752 237 -Ι-
1140 189 1180 252 71

161 313 359 398 τερίσασθαι
385 313 426 378 τά
450 312 561 396 κοινά,
585 311 625 376 οὑ
648 314 715 397 μὴν
737 310 810 378 ἀλλ’
832 307 901 398 είχέ
921 311 962 398 γέ
982 335 1057 378 τινα
1080 315 1183 397 λόγον

79 421 181 504 209εὴ
206 418 379 498 πλεονεξία
405 429 473 485 τῶν
501 419 704 505 ἀνθρώπων·
743 419 841 486 ὁπότε
869 416 900 484 δ’
923 419 1030 486 οὐθὲν
1052 416 1184 505 ἔχοντες

162 524 392 604 ἐπιδείξασθαι
423 525 507 610 μέγα
537 527 593 592 καί
624 528 780 592 νεανικὸν
812 523 923 612 ἔργον,
958 523 1037 592 ἀνθ’
1070 522 1110 593 οὑ
1143 529 1183 594 τά

161 633 302 720 ἡμέτερα
319 636 378 722 βίςι
396 633 566 719 κατέσχον,
581 633 841 719 ἀναισχυντοῦσι
858 633 914 699 καί
932 633 1005 698 οὐδ’
1019 631 1183 719 ἐξελεγχό-

161 765 256 824 μενοι
278 743 451 824 μεθίενται
474 740 596 824 αὐτῶν,
619 743 669 818 τίς
692 739 734 806 δν
757 740 948 826 ἀνάσχοιτο;
1216 761 1227 801 ε

233 847 414 914 XXXVIII.
442 844 535 913 Ἐπεί
567 846 648 932 φέρε
680 849 764 932 πρὸς
795 851 893 932 Διός,
930 848 962 913 εἴ
991 871 1024 912 τι
1054 849 1183 914 τούτων

162 954 226 1039 ἐγὼ
253 955 433 1038 ψεύδομαι,
461 954 597 1032 δειξάτω
625 977 675 1032 τις
702 955 783 1038 ὑμῖν
810 966 877 1020 τῶν
901 965 1032 1038 σεμνῶν
1054 955 1183 1021 τούτων

161 1063 352 1147 παρελθών,
385 1063 479 1138 τίνας
511 1059 685 1146 ἐπιφανείς
716 1063 772 1127 καί
803 1064 905 1139 καλάς
936 1061 1070 1148 πράξεις
1102 1082 1183 1150 προ-

161 1171 316 1254 εχόμενος
343 1167 424 1252 ἐμοῦ
452 1167 555 1235 πλέον
583 1165 671 1253 ἔχειν
698 1167 797 1247 ἀξιοῖ·
827 1171 969 1254 πότερον
996 1167 1052 1254 ἔτη
1080 1172 1182 1236 πλείω

161 1276 444 1363 στρατευσάμενος
465 1275 486 1360 ἢ
505 1275 610 1360 μάχας
628 1277 763 1354 πλείους
781 1276 1027 1360 ἀγωνισάμενος
1044 1276 1065 1361 ἢ
1084 1277 1183 1363 τραύ-
1203 1296 1228 1336 10

160 1407 246 1466 ματα
263 1385 365 1449 πλείω
388 1383 500 1466 λαβὼν
517 1382 538 1467 ἢ
563 1382 741 1467 στεφάνοις
762 1384 818 1448 καλ
842 1383 1004 1470 φαλάροις
1025 1384 1082 1449 καί
1105 1384 1183 1449 σκύ-

161 1496 231 1568 λοις
253 1491 309 1555 καί
332 1499 402 1566 τοίς
425 1490 537 1566 ἄλλοις
559 1488 733 1567 ἐπινικίοις
750 1492 886 1573 κόσμοις
903 1489 1183 1577 ὑπερβαλόμενος,

161 1593 205 1661 δι’
237 1596 278 1662 ὃν
312 1595 548 1682 ἀσθενέστεροι
576 1596 638 1680 μὲν
668 1598 701 1662 οί
727 1596 878 1679 πολέμιοι
905 1600 1084 1682 γεγόνασιν
1114 1596 1183 1664 έπι·

162 1703 349 1790 φανεστέρα
381 1703 419 1769 δέ
450 1705 505 1770 καὶ
536 1705 655 1787 μείζων
686 1703 706 1787 ἡ
740 1706 870 1788 πατρίς;
907 1709 1035 1787 μᾶλλον
1071 1705 1109 1770 δὲ
1144 1705 1182 1770 τὸ

162 1809 301 1876 δέκατον
338 1808 529 1890 ἐπιδειξάτω
566 1810 679 1898 μέρος,
716 1805 765 1876 ὧν
800 1810 881 1894 ὑμῖν
916 1811 1073 1890 ὑπέδειξα
1109 1811 1182 1896 ἐγώ.
1203 1829 1228 1870 1⁶

161 1917 245 1984 άλλά
271 1918 400 1984 τούτων
427 1915 458 2002 γ’
481 1919 515 1984 οί
541 1921 677 1996 πλείους
701 1917 774 1984 οὐδ’
797 1918 839 1984 δν
864 1921 1053 2004 πολλοστὴν
1076 1917 1222 2005 έχοιεν2

160 2025 429 2109 προενέγκασθαι
451 2035 573 2112 μοίραν
595 2035 662 2091 τῶν
685 2023 786 2108 ἐμῶν·
812 2023 897 2092 ἔνιοι
919 2027 958 2091 δὲ
980 2026 1054 2092 οὐδ’
1072 2026 1114 2093 άν
1137 2038 1182 2112 τῷ

79 2133 358 2220 εοεοιγαυλοτάτιμ
381 2141 449 2198 τῶν
472 2131 508 2198 έκ
530 2141 591 2198 τοῦ
615 2133 722 2217 δήμου
746 2142 885 2216 φανεῖεν
902 2135 943 2198 τά
966 2133 1022 2197 ίσα
1040 2154 1183 2198 κακοπα-

159 2243 333 2324 θήσαντες.
371 2239 412 2303 οὑ
435 2239 499 2324 γάρ
523 2237 614 2304 έστιν
633 2239 745 2304 αὐτῶν
767 2237 805 2304 έν
828 2249 898 2316 τοίς
921 2239 1037 2316 ὅπλοις
1058 2240 1079 2323 ἡ
1104 2244 1183 2321 λαμ·

159 2348 298 2431 πρότης,
326 2341 397 2410 ἀλλ’
421 2343 459 2410 έν
486 2355 556 2422 τοίς
584 2345 710 2428 λόγοις,
738 2345 818 2410 οὐδὲ
844 2347 927 2410 κατά
954 2357 1022 2412 τῦν
1049 2344 1182 2432 ἐχθρῶν
1202 2365 1228 2404 ²⁰

159 2455 197 2519 τό
226 2452 427 2535 δυνάμενον,
457 2450 540 2516 ἀλλὰ
566 2453 649 2516 κατὰ
675 2462 744 2516 τῶν
772 2454 895 2536 φίλων·
925 2452 998 2518 οὐδ’
1021 2453 1182 2537 ἡγοῦνται

159 2562 278 2645 κοινὴν
301 2560 406 2625 οἰκεῖν
428 2559 538 2642 πόλιν,
567 2568 664 2643 σφῶν
687 2555 718 2623 δ’
737 2558 848 2624 αὐτῶν
872 2559 973 2645 ίδίαν,
1001 2561 1112 2646 ὥσπερ
1141 2561 1181 2626 οὐ

161 2665 514 2752 συνελευθερωθέντες
550 2665 615 2732 άπὸ
651 2675 709 2750 τῆς
745 2667 946 2752 τυραννίδος
986 2663 1047 2753 ὑφ’
1077 2668 1182 2752 ἡμῶν,

160 2774 244 2839 ἀλλὰ
275 2775 358 2839 κατά
393 2776 618 2859 κληρονομίαν
649 2775 739 2860 παρὰ
770 2784 839 2840 τῶν
869 2774 1047 2860 τυράννων
1078 2795 1182 2860 παρα-

161 2882 319 2965 λαβόντες
343 2881 437 2964 ἡμάς·
464 2881 557 2965 οἵγε
577 2883 679 2946 -τά
701 2881 763 2964 μέν
786 2881 883 2966 άλλα,
907 2882 969 2948 ὅσα
991 2881 1182 2968 ὑβρίζοντες
1200 2897 1226 2937 2⁶

160 2988 244 3070 ὑμᾶς
272 2989 373 3073 μικρά
402 2987 458 3053 καί
486 2991 582 3071 μείζω
613 2989 834 3073 διατελοῦσιν,
867 2989 911 3066 ὡς
940 2989 1083 3068 ἅπαντες
1112 2987 1128 3054 ἐ
1154 2991 1181 3054 ί-

232 3168 249 3216 3
277 3161 486 3229 ἀποδείξασθαι
513 3181 536 3219 ο.
563 3163 665 3218 Garrer
693 3163 758 3219 obs.
776 3183 804 3234 p.
827 3171 860 3218 22
940 3171 957 3216 4
984 3161 1102 3233 ὑμέτερα
1129 3164 1180 3218 ΑΒ

161 3238 177 3287 8
201 3231 388 3305 προσχόμενος
405 3235 482 3289 ABa
509 3232 694 3304 προελόμενος
711 3233 758 3289 Bb
840 3241 871 3290 12
897 3232 1180 3306 ὑπερβαλλόμενοςΒ

163 3310 195 3358 15
215 3305 253 3378 <I
281 3303 396 3372 πόδειξα
419 3306 466 3360 Bb
540 3312 572 3360 1‘1
595 3303 841 3376 προσενέγκασθαι
858 3308 884 3360 A
914 3306 1050 3431 ww>
1074 3310 1180 3375 φαυλο·

160 3375 233 3431 τάτω
261 3376 299 3450 v>
326 3377 372 3430 Βο
455 3384 488 3432 21
517 3377 590 3432 κατὰ
616 3385 672 3432 τῶν
699 3375 800 3447 φιλίων
828 3395 851 3432 ο.
876 3377 913 3432 00
935 3380 964 3432 et
989 3378 1053 3432 Obs.
1080 3396 1108 3447 p.
1129 3383 1180 3431 196

161 3454 195 3502 25
214 3447 249 3502 τά
267 3448 321 3518 γὰρ
340 3447 409 3503 ἄλλα
429 3466 451 3504 c.
466 3449 570 3503 Reiske
