2656 3932
159 219 223 283 162
577 245 611 254 ·-
649 220 689 270 [A
726 245 759 254 ·-

117 344 137 407 2
158 340 228 408 έστι
250 367 307 425 μοι
328 342 518 426 θεράπαινα
539 343 679 426 πατρικη
698 345 843 419 πολλοὺς
861 342 951 407 πάνυ
971 343 1182 408 δουλεύουσα

157 452 309 536 χρόνους.
349 449 474 533 ταύτην
496 450 646 514 κύουσαν
668 450 688 533 η
711 448 911 532 Οὐεργινίου
935 451 1020 534 γυνη
1045 452 1180 534 συνήθη

158 557 213 622 καί
229 557 379 622 είσοδίαν
395 550 501 621 οὖσαν
519 553 651 621 ἔπεισεν
669 553 728 622 ἐὰν
746 555 834 646 τέκη,
853 556 972 621 δοῦναι
990 557 1028 620 τὸ
1044 557 1182 622 παιδίον

159 660 252 748 αὑτῇ.
297 659 433 747 κάκείνη
458 663 673 747 φυλάττουσα
694 664 753 740 τὰς
777 660 973 747 ὑποσχέσεις
1000 661 1181 746 γενομένης

127 791 139 830 ι
159 767 242 856 αὐτῇ
261 769 383 854 ταύτης
401 775 510 853 <τῆς>
529 771 701 855 θυγατρὸς
719 771 802 855 πρὸς
825 769 886 852 μέν
908 770 992 853 ἡμᾶς
1015 767 1180 853 ἐσκήψατο

159 878 280 963 νεκρὸν
302 886 421 960 τεκεῖν,
443 885 483 962 τῇ
508 876 546 942 δέ
568 879 764 964 Νομιτωρίρι
787 877 906 942 δίδωσι
928 877 966 941 τὸ
989 877 1137 941 παιδίον·
1159 877 1180 960 η

159 985 197 1049 δὲ
221 986 369 1066 λαβοῦσα
391 981 615 1066 ὑποβάλλεται
637 984 693 1049 καί
712 982 828 1069 τρέφει
847 983 978 1048 παίδων
998 978 1069 1048 οὔτ’
1085 980 1183 1068 ιἰρρί·

119 1091 229 1156 3νων
256 1091 333 1156 οὔτε
360 1095 509 1174 θηλειῶν
532 1085 617 1156 οὑσα
643 1094 759 1175 μάτηρ.
804 1091 969 1174 πρότερον
996 1084 1060 1155 οὑν
1087 1088 1182 1155 ἐλάν-

158 1195 247 1263 θανέ
276 1219 315 1279 με
347 1205 464 1280 ταῦτα,
496 1205 562 1262 νῦν
589 1197 627 1262 δὲ
655 1198 710 1262 διὰ
737 1197 910 1282 μηνύσεως
937 1195 1094 1281 ἐπιγνοὺς
1126 1197 1260 1263 καίνειν
1306 1222 1307 1270 ι

114 1325 140 1364 ιο
158 1303 326 1390 μάρτυρας
349 1300 434 1388 ἔχων
454 1306 599 1381 πολλοὺς
620 1305 676 1370 καί
700 1303 851 1387 ἀγαθοὺς
867 1303 923 1369 καί
941 1306 1003 1389 την
1020 1303 1183 1388 θεράπαι-

159 1435 222 1476 ναν
254 1409 415 1494 ἐξητακὼς
452 1409 506 1476 έπλ
542 1412 602 1475 τὸν
638 1412 755 1476 κοινὸν
791 1410 948 1478 ἁπάντων
983 1411 1182 1496 καταφεύγω
1307 1406 1308 1436 ¹

158 1521 275 1602 νόμον,
301 1518 337 1595 ὃς
361 1516 401 1582 οὑ
424 1527 491 1582 τῶν
514 1516 806 1602 ὑποβαλλομένων,
835 1518 919 1584 ἀλλὰ
941 1529 1009 1584 τῶν
1031 1517 1183 1603 μητέρων

159 1618 307 1690 εἶναιτὰ
331 1621 451 1707 ἔκγονα
479 1623 618 1708 δικαιοί,
645 1623 836 1710 ἐλευθέρων
862 1625 925 1708 μέν
953 1624 1063 1691 οὐσῶν
1091 1623 1182 1690 ἐλεὺ-

159 1737 256 1815 θερα,
280 1730 414 1797 δούλων
437 1729 475 1795 δὲ
498 1731 617 1813 δοῦλα,
645 1735 724 1808 τοὺς
747 1729 869 1810 αὑτοὺς
892 1729 1011 1817 ἔχοντα
1033 1735 1182 1818 κυρίους,

160 1835 219 1912 οὓς
242 1835 284 1900 δν
301 1836 362 1900 ’καί
385 1837 420 1901 αί
442 1835 578 1922 μητέρες
601 1836 711 1903 αὐτῶν
734 1835 842 1923 ἔχωσι.
878 1841 961 1905 κατά
983 1849 1104 1905 τοῦτον
1121 1841 1183 1906 τὸν

159 1945 265 2025 νόμον
288 1939 367 2021 ἀξιῶ
395 1945 457 2028 τὴν
479 1944 650 2030 θυγατέρα
677 1954 735 2029 τῆς
757 1944 836 2031 ἐμῆς
857 1947 1066 2031 θεραπαίνης
1089 1948 1183 2030 άγειν

159 2051 215 2116 καί
247 2051 342 2128 δίκας
372 2049 509 2137 ὑπέχειν
540 2054 759 2136 βουλόμενος,
797 2051 856 2118 ἐὰν
889 2052 1100 2138 άντιποιῆταί
1134 2076 1184 2130 τις

160 2157 322 2242 ἐγγυητὰς
353 2160 515 2236 καθιστάς
547 2155 738 2244 ἀξιοχρέους
770 2157 861 2238 ἄξειν
893 2156 999 2244 αὑτὴν
1030 2159 1085 2225 έπί
1121 2161 1183 2244 τὴν

161 2266 269 2350 δίκην·
295 2267 325 2331 εί
348 2266 386 2332 δέ
408 2275 542 2350 ταχείαν
564 2266 724 2349 βούλεταί
744 2290 793 2344 τις
816 2266 977 2350 γενέσθαι
996 2268 1110 2352 (την)
1133 2268 1183 2332 δι-

116 2392 142 2432 ω
160 2371 317 2456 άγνωσιν,
354 2371 482 2455 ἕτοιμος
516 2370 570 2437 ἐπί
605 2383 666 2439 σοῦ
700 2372 810 2458 λέγειν
841 2376 903 2458 την
935 2374 1033 2457 δίκην
1065 2373 1183 2439 αὐτίκα

160 2479 261 2561 μάλα,
293 2479 348 2542 καί
379 2481 422 2562 μη
455 2479 615 2562 διεγγυᾶν
645 2481 682 2544 τὸ
713 2490 806 2562 σῶμα
835 2477 912 2565 μηδ’
938 2479 1105 2563 ἀναβολάς
1136 2491 1181 2566 τῶ

161 2583 326 2668 πράγματι
348 2584 542 2667 προσάγειν·
568 2584 732 2670 ὁποτέραν
755 2586 785 2652 δ’
803 2586 845 2652 άν
869 2581 963 2652 οὑτοι
986 2589 1183 2670 βουληθῶσι

162 2701 229 2756 τῶν
252 2689 422 2775 αἱρέσεων,
446 2689 647 2757 ίλέσθωσαν.

118 1811 141 1874 4

115 1899 141 1939 15

234 2871 250 2919 3
269 2861 392 2920 εἰσόδων
407 2882 429 2919 e.
441 2864 513 2920 Smit
526 2865 592 2921 Obs,
606 2885 632 2934 p.
645 2873 692 2934 583
712 2868 746 2921 cf.
763 2867 850 2922 cobet
864 2868 929 2923 Obs.
944 2887 971 2938 p.
983 2874 1034 2923 209
1086 2875 1102 2923 5
1117 2870 1183 2939 *της

162 2937 262 2991 addidi
334 2942 350 2991 8
369 2934 505 3004 πρότερον
523 2937 574 3006 μὲν
593 2935 644 2993 οὑν
663 2955 686 2992 c.
702 2938 803 2993 (ἔκτισε
821 2939 886 2994 obs.
905 2958 933 3009 p.
948 2945 982 2994 00
1056 2947 1089 2995 12
1113 2942 1183 2995 ὑπο-

163 3005 322 3079 βαλομένων
346 3025 367 3062 c.
389 3006 476 3062 Cobet
495 3007 560 3064 Obs.
579 3027 607 3079 p.
622 3014 673 3064 209
748 3015 781 3064 13
800 3009 902 3080 ἔγγονα
921 3010 969 3064 LV
995 3012 998 3082 Ι
1026 3009 1182 3080 ἐλευθέρων

161 3100 189 3134 τε
209 3081 300 3134 οὐσῶν
319 3079 341 3134 Ο
361 3077 516 3147 ἐλευθέρων
535 3080 585 3150 μέν
605 3082 695 3136 οὑσῶν
709 3081 813 3136 Reiske
877 3089 910 3136 14
930 3084 1029 3155 δοῦλα]
1049 3085 1146 3138 δουλοῖ
1156 3082 1182 3136 V

163 3192 196 3240 15
215 3165 309 3255 ίχοαὺσι
324 3186 352 3241 .V
408 3192 440 3240 17
460 3183 574 3256 ὑπέχειν
591 3196 651 3251 τοῖς
669 3185 848 3259 βουλομένοις
862 3205 884 3244 c.
896 3189 1000 3245 Reiske
1055 3195 1089 3244 18
1108 3193 1183 3244 καθ-

162 3255 269 3326 ίστησιν
296 3257 319 3310 Ο
347 3257 530 3327 καταστήσειν
563 3276 586 3313 c.
614 3259 757 3329 Kiessling
788 3260 927 3322 καθιστὰς
952 3261 1061 3330 Kayser
1088 3261 1182 3315 Floek.

161 3330 233 3382 Ann.
254 3333 303 3382 101
324 3331 414 3397 (1870)
433 3347 460 3397 p.
477 3335 528 3390 725
556 3330 559 3401 Ι
588 3328 749 3402 ἀξιοχρέους
767 3331 789 3383 L
808 3329 958 3401 ἀξιόχρεως
975 3333 1001 3386 R·
1020 3334 1055 3387 ef.
1074 3331 1183 3401 Jacoby

161 3402 226 3454 Aar.
246 3399 340 3468 Progr.
360 3417 388 3468 p.
404 3405 436 3453 37
513 3405 544 3454 10
563 3402 614 3472 τὴν
634 3403 698 3456 αδδ.
714 3401 857 3472 Kiessling
928 3409 961 3457 21
981 3404 1047 3474 μήτε
1067 3403 1089 3458 O
1113 3401 1179 3472 μηδ’

161 3471 304 3540 Kieflsling
376 3475 409 3522 22
428 3469 590 3542 προσλέγειν
609 3473 632 3528 0
651 3472 802 3542 προσάγειν
821 3474 924 3529 Reiske
