2662 3920
170 193 215 258 20
601 220 633 228 -
672 193 687 242 1
722 219 756 230 ··

170 317 330 395 ὑπάτους;
358 319 393 380 τί
418 309 482 380 οὖν
508 317 546 381 τὸ
573 315 706 381 κωλύων
733 311 825 380 ἔσται
847 316 885 380 τὸ
908 315 990 380 αὐτὸ
1012 323 1112 380 τοῦτο
1135 317 1195 380 καί

169 425 249 500 τοὺς
279 423 523 508 προεστηκότας
553 431 614 488 τοῦ
646 423 754 506 δήμου
787 421 907 506 λέγειν,
944 419 1003 487 έάν
1034 445 1123 500 τινες
1155 421 1296 503 {now

169 539 237 595 τῶν
255 529 442 614 δημοτικῶν
461 528 516 595 έπῖ
533 539 603 607 τοῖς
621 529 760 606 ὑπάτοις
781 529 837 594 καί
858 538 899 614 τῇ
922 531 1030 614 βουλῇ
1049 530 1196 612 συστάν-
1296 568 1297 598 ι

169 659 223 713 τες
249 635 417 721 πράττωσι
443 637 505 720 τὴν
531 646 591 703 τοῦ
619 637 799 722 συνεδρίου
827 635 1020 719 κατάλυσιν,
1051 636 1103 702 ότι
1129 638 1195 721 τὴν

138 743 246 828 επερί
272 753 340 808 τῶν
366 744 521 827 δημοτῶν
547 741 695 822 ἐξέτασιν
723 743 845 821 αὐτοὺς
871 743 1003 810 δίκαιόν
1026 741 1096 808 ἐστι
1119 765 1195 808 ποι-

170 857 283 916 εῖσθαι
304 853 384 927 τοὺς
407 849 626 936 ἀνειληφότας
651 852 713 935 τὴν
739 859 800 915 τοῦ
827 850 935 934 δήμου
963 854 1131 935 φυλακήν;
1160 853 1198 916 τί

169 951 233 1023 οὖν
265 955 302 1022 ἐκ
332 957 454 1023 τούτου
487 960 703 1042 συμβήσεταις
739 957 903 1041 μηδεμίαν
934 957 1067 1024 πώποτε
1099 958 1195 1042 γενέ-

169 1071 252 1130 σθαι
292 1066 427 1148 ζήτησιν
467 1065 544 1150 περί
581 1066 729 1148 μηθενὸς
764 1065 954 1151 πράγματος
991 1063 1194 1150 ἀπορρήτου.

129 1168 242 1236 5άλλ’
269 1169 349 1236 οὔθ’
373 1171 468 1255 ἡμεῖς
499 1170 542 1235 ἀν
577 1169 668 1236 ταῦτ’
696 1169 905 1254 ἀξιώσαιμεν·
941 1171 1091 1249 ὑποπτος
1126 1175 1194 1257 γὰρ

125 1279 188 1361 1οὴ
218 1281 401 1363 φιλοτιμία·
429 1279 524 1361 ὑμεῖς
550 1275 579 1342 τ’
602 1278 665 1342 οὐκ
692 1277 735 1343 ἂν
762 1279 874 1364 ὀρθῶς
901 1287 1027 1344 ποιοῖτε
1053 1288 1124 1356 τοῖς
1151 1281 1195 1344 τά

169 1385 267 1468 ὅμοια
288 1384 418 1463 ἀξιοῦσι
442 1382 522 1451 καθ’
544 1386 638 1468 ἡμῶν
660 1385 880 1470 προσέχοντες
901 1388 962 1451 τὸν
983 1393 1080 1469 νοῦν,
1107 1385 1195 1451 ἀλλὰ

168 1494 303 1568 κοινοὺς
324 1493 506 1576 ἡγούμενοι
528 1503 586 1577 της
608 1494 735 1569 πόλεως
757 1491 910 1577 ἐχθρούς.
952 1492 1091 1570 οὐδενὸς
1113 1493 1194 1575 μέν·

168 1621 273 1682 τοιγε,
305 1595 331 1663 ὦ
363 1602 485 1682 βουλή,
517 1608 587 1675 τοῖς
618 1599 808 1685 πράγμασιν
835 1599 880 1678 ὡς
908 1599 1029 1684 τάχους
1061 1599 1120 1664 δεῖ.
1172 1599 1192 1664 ὑ

168 1707 232 1790 γὰρ
264 1706 424 1782 κίνδυνος
456 1699 547 1788 όξὺς,
584 1705 639 1770 καί
669 1707 690 1788 ἡ
727 1705 883 1790 μέλλησις
918 1716 976 1790 τῆς
1008 1705 1194 1791 ἀσφαλείας

124 1834 149 1873 ιε
168 1813 276 1897 ἀωρος
299 1810 336 1878 έν
360 1809 400 1877 οὑ
424 1811 582 1895 μέλλουσι
604 1813 736 1890 δεινοῖς.
776 1809 852 1878 ὥστ’
871 1813 1012 1899 ἀφέντες
1034 1814 1071 1878 τὸ
1094 1817 1193 1898 φιλο-

168 1929 292 1984 νεικεῖν
314 1920 370 1984 καί
399 1921 519 2002 λόγους
546 1916 702 1996 διεξιέναι
728 1923 875 2004 μακροὺς
897 1922 1093 2004 ψηφίσασθε
1117 1919 1134 1986 ὑ
1159 1943 1193 1984 τι

168 2025 211 2091 ἀν
234 2026 317 2111 δοκῇ
340 2035 437 2111 κοινῇ
461 2025 646 2110 συμφέρειν
667 2026 740 2110 ἤδη.

238 2131 309 2197 XII.
338 2129 437 2198 Ταῦτ’
469 2133 621 2210 εἰπόντος
658 2129 761 2198 αὐτοῦ
800 2137 906 2217 πολλή
947 2157 997 2210 τις
1038 2130 1192 2218 ἔκπληξις

167 2239 302 2325 κατέσχε
329 2241 367 2306 τὸ
396 2239 576 2324 συνέδριον
602 2240 657 2304 καί
690 2239 866 2324 ἀμηχανία·
900 2241 1122 2324 διελογίζοντό
1155 2264 1191 2306 τε
1203 2261 1279 2311 2013

123 2369 149 2408 εο
167 2347 222 2411 καὶ
255 2347 463 2412 συνελάλουν
495 2346 664 2431 ἀλληλοις,
697 2347 742 2423 ὡς
773 2348 917 2431 χαλεπὸν
949 2345 1105 2434 ἑκάτερον
1135 2345 1191 2432 ἦν,

168 2453 283 2518 καὶτὸ
307 2463 493 2538 συγχωρεῖν
515 2464 584 2530 τοῖς
607 2453 787 2539 δημάρχοις
811 2456 957 2538 ζητήσεις
984 2451 1038 2539 ἀφ’
1061 2453 1190 2520 ἑαυτῶν

167 2565 338 2624 ποιεῖσθαι
369 2559 447 2644 περί
478 2569 594 2624 κοινοῦ
626 2561 682 2625 καὶ
713 2560 858 2644 μεγάλου
893 2560 1098 2646 πράγματος,
1134 2562 1191 2626 καί

166 2668 204 2730 τὸ
232 2667 275 2750 μὴ
304 2674 498 2751 συγχωρεῖν.
544 2666 755 2744 ὑποπτεύσας
783 2663 813 2731 δ’
834 2663 946 2732 αὑτῶν
968 2668 1030 2751 τὴν
1052 2668 1191 2752 γνώμην

167 2771 287 2857 ἀνέστη
328 2783 396 2838 τῶν
436 2771 573 2837 ὑπάτων
616 2771 745 2856 ὑτερος,
788 2773 888 2851 Γάιος
923 2774 1094 2851 Κλαύδιος
1133 2777 1188 2840 καί

123 2855 255 2983 Ξέλεξε
284 2879 409 2945 τοιάδε·
450 2876 499 2944 Οὐ
528 2879 677 2960 δέδοικα,
707 2879 897 2966 Οὐεργίνιε,
926 2885 970 2964 μη
997 2903 1037 2963 με
1064 2881 1190 2946 ὑπολά-

240 3010 254 3058 1
270 2999 321 3058 οὑν
335 3021 388 3058 om.
400 3003 424 3056 A
437 2999 470 3058 τό
484 3006 609 3058 κωλῦσον
623 3019 646 3058 ο.
657 3003 781 3058 Βεωδίει·
794 3003 883 3058 Tiroc.
895 3005 956 3058 erit.
971 3021 999 3073 p.
1012 3009 1046 3057 26
1101 3009 1116 3056 ‘1
1131 3005 1189 3057 πώ-

167 3093 233 3128 ποτε
257 3075 364 3129 add.B
438 3080 453 3128 9
483 3073 550 3129 οὑθ’
572 3075 624 3128 ΑΒ
655 3075 658 3147 η
689 3075 895 3147 ἀξιά<σο>μευ
914 3074 961 3128 Bb
984 3075 1020 3129 cf.
1040 3075 1189 3129 Baumann

168 3145 233 3201 Obs.
248 3163 336 3216 gram.
352 3147 387 3201 de
404 3163 458 3200 usu
476 3147 550 3201 mod.
571 3165 597 3214 μ,
613 3152 647 3200 36
718 3151 751 3200 10
769 3155 873 3200 ποιεῖτε
892 3147 915 3199 Β
980 3152 1012 3200 11
1033 3144 1117 3216 όμοια
1136 3147 1188 3200 οὑκ

168 3219 277 3282 ἀξιοῦσι
291 3217 313 3271 0
328 3221 441 3286 praeter
457 3217 476 3269 B
498 3219 501 3286 λ
523 3217 583 3272 ἀλλ’
600 3220 633 3274 οὑ
652 3220 766 3280 κοινοὺς
785 3235 807 3273 c.
823 3218 952 3273 Hertlein
965 3217 1083 3272 Hermes
1096 3216 1122 3269 X
1134 3225 1187 3272 419

169 3295 209 3356 12Ι
221 3286 355 3358 μέντοιγε,
374 3288 473 3356 οὑτως,
492 3287 514 3345 ὦ
533 3306 556 3343 c.
576 3290 719 3358 Kiessling
791 3297 825 3344 14
844 3287 969 3358 μέλλησις
982 3289 1059 3342 ΑΒει
1077 3286 1188 3359 μέλησις

167 3359 215 3414 Bb
282 3366 315 3414 15
335 3359 365 3414 έν
384 3361 417 3414 οδ
436 3359 563 3429 μέλλουσι
576 3362 622 3415 Ba
641 3362 671 3416 ἐν
691 3359 734 3422 οἶς
751 3382 777 3430 μ.
792 3361 870 3414 ABb
939 3366 973 3414 20
992 3359 1125 3428 ἑκάτερον
1144 3360 1188 3428 εἴη

169 3448 191 3486 c.
211 3430 340 3486 Hertlein
357 3431 474 3488 Hermes
492 3432 518 3485 X
532 3438 584 3486 419
651 3439 685 3486 23
704 3429 735 3486 τὺ
754 3433 790 3502 μὴ
811 3433 1002 3502 συγχωρεῖνΑ
1020 3429 1052 3486 τὸ
1071 3431 1108 3502 μὴ
1128 3431 1188 3486 sine

168 3519 235 3557 vove
254 3511 407 3573 συγχωρεῖν
426 3503 447 3556 Β
521 3509 555 3557 24
574 3503 671 3571 ἅτερος
689 3504 712 3560 Β
737 3501 828 3571 ἕτερος
846 3503 872 3556 Β,
