2656 3932
169 207 212 273 οι
598 206 755 255 -1-

129 332 351 418 4πατρικίων
377 330 433 395 καί
460 341 528 395 τῶν
556 330 742 414 δημοτικῶν
769 327 939 414 γενομένη.
985 329 1018 394 οἰ
1040 327 1102 411 μέυ
1124 329 1189 414 γάρ

168 438 404 521 ὑπελάμβανον
427 437 535 502 πάντα
556 438 597 502 τά
616 434 750 502 ἐναυτία
767 446 838 515 τοῖς
856 437 1045 521 δημοτικοῖς
1063 440 1190 521 φρονή-

169 562 242 610 σειν
264 568 299 610 τε
321 545 377 610 καί
400 542 506 636 λέξειν
528 545 588 610 τὸν
611 544 719 628 ἀνδρα
740 544 860 610 νεωστί
882 546 944 629 τὴν
967 542 1005 610 ἐν
1027 552 1072 632 τῷ
1096 544 1190 630 δήμῳ

169 652 267 736 δίκην
294 650 472 718 ἑαλωκότα·
500 651 518 717 ὁ
547 650 577 716 δ’
600 651 743 728 ἀναστάς
770 649 884 736 ἐπειδὴ
909 661 1076 736 προσῆκεν
1099 649 1189 736 αὐτῷ

138 780 150 820 ε
168 758 305 843 γνώμην
327 757 530 845 ἐρωτηθέντι
556 760 639 824 κατὰ
665 760 728 843 τὴν
750 757 871 824 ἑαυτοῦ
893 756 987 836 τάξιν
1009 755 1190 843 ἀποκρίνα-

169 873 251 932 σθαι
273 903 318 912 -
335 863 378 950 ἦν
401 865 439 932 δέ
461 863 499 931 ἐν
521 876 592 944 τοίς
613 867 669 932 διά
691 864 794 948 μέσου
817 865 900 931 κατά
922 888 957 930 τε
980 863 1116 944 ἀξίωσιν
1134 865 1191 930 καί

167 973 300 1058 ἡλικίαν
322 1011 367 1020 -
389 967 512 1051 ἔλεξεν·

239 1080 290 1145 LI.
308 1078 347 1146 “Ὰ
360 1080 422 1162 μὲν
444 1079 510 1146 ὑπὸ
533 1088 593 1146 τοῦ
617 1081 724 1165 δήμου
747 1078 917 1164 πέπονθα,
941 1075 967 1145 ὦ
990 1082 1111 1165 βουλή,
1134 1080 1191 1145 καί

168 1189 219 1254 ὅτι
242 1187 344 1254 οὐδέν
364 1186 500 1271 ἀδικῶν,
527 1186 611 1253 ἀλλά
633 1195 692 1271 τῆς
713 1189 797 1274 πρὸς
818 1186 904 1270 ὑμᾶς
927 1187 1061 1264 εὐνοίας
1083 1186 1274 1272 &summe

124 1314 150 1354 ιο
168 1296 326 1381 φορτικὸς
355 1293 398 1360 ἀν
425 1294 499 1379 εἰην
525 1291 657 1380 [ἔγωγε]
686 1292 724 1359 ἐν
753 1294 881 1360 εἰδόσιν
908 1293 1017 1380 [ὑμίν]
1046 1293 1191 1380 ἀκριβῶς

168 1401 287 1485 λέγων·
324 1405 456 1486 μνήμην
493 1401 531 1466 δέ
567 1401 678 1467 αὐτῶν
715 1410 872 1484 ποιοῦμαι
908 1409 968 1466 τοῦ
1006 1401 1189 1500 ἀναγκαίου

168 1508 291 1593 ἕνεκεν,
315 1506 354 1574 ἵν’
373 1509 496 1593 εἰδῆτε,
520 1509 634 1574 ὅτιού
658 1510 813 1597 κολακεία
835 1516 895 1574 τοῦ
919 1509 1099 1593 δημοτικοῦ
1120 1507 1190 1575 ἐπι-

166 1615 289 1701 τρέψας
316 1614 442 1701 ἐχθροῦ
471 1638 528 1699 μοι
551 1616 662 1699 ὄντος,
690 1613 762 1681 ἀλλ’
781 1615 845 1682 ἀπὸ
868 1624 928 1681 τοῦ
951 1617 1126 1698 βελτίστου
1148 1619 1190 1682 τά

168 1722 383 1809 συμφέροντα
405 1721 479 1807 ἐρῶ.
524 1722 682 1813 θαυμάση
706 1722 744 1788 δέ
766 1724 900 1806 μηθείς,
924 1723 954 1788 εἰ
971 1725 1136 1809 πρότερόν
1154 1747 1190 1790 τε
1322 1729 1324 1754 ἰ

123 1847 149 1888 1⁶
167 1829 325 1908 πολλάκις
347 1829 402 1895 καί
426 1830 524 1914 ἡνίκα
545 1829 670 1907 ἰίπατος
691 1825 735 1914 ἦν
757 1839 815 1914 της
837 1827 950 1916 ἐτέρας
967 1830 1190 1917 προαιρέσεως

167 1939 346 2021 γενόμενος
363 1945 428 2002 νῦν
447 1933 605 2022 ἐξαίφνης
622 1935 876 2021 μεταβέβλημαι·
900 1937 984 2022 μηδὲ
1001 1937 1189 2023 ὑπολάβητε

168 2041 272 2110 δυελν
290 2043 437 2130 θάτερον
463 2043 484 2128 ἢ
512 2045 586 2109 τότε
612 2045 863 2127 βεβουλεῦσθαί
887 2067 927 2126 με
949 2056 1057 2123 κακῶς
1078 2045 1099 2130 ἢ
1123 2055 1189 2111 νῦν

128 2151 391 2218 2ἀνατίθεσθαι
427 2152 468 2215 τδ
504 2148 646 2228 δόξαντα
680 2151 743 2216 οὐκ
774 2151 895 2236 ὀρθῶς.
950 2150 1014 2236 ἐγὼ
1047 2151 1125 2236 γάρ,
1162 2149 1188 2218 ὦ
1323 2217 1324 2242 ,

167 2262 289 2343 βουλή,
316 2259 398 2324 ὅσον
426 2257 488 2340 μὲν
510 2259 635 2343 χρόνον
657 2260 697 2324 τά
719 2258 861 2345 ὑμέτερα
885 2260 1004 2344 ἰσχυρά
1026 2259 1189 2344 ἡγούμην,
1323 2249 1324 2338 J

123 2385 150 2424 ιο
168 2365 278 2450 ὥσπερ
311 2364 412 2452 ἐχρῆν
443 2364 699 2452 ἀριστοκρατίαν
731 2364 841 2444 αὔξων
873 2368 1121 2451 περιεφρέυουν
1150 2369 1188 2434 τὸ

168 2473 357 2556 δημοτικόν,
384 2470 455 2537 ἐπεί
478 2472 516 2538 δέ
538 2483 609 2550 τοίς
631 2472 774 2555 ἐμαυτοῦ
800 2473 1049 2558 σωφρονισθείς
1075 2484 1189 2553 κακοῖς

167 2580 247 2662 μετά
274 2578 426 2662 μεγάλων
448 2586 582 2661 μισθῶν
606 2577 745 2664 ἔμαθον,
768 2580 819 2646 ὅτι
842 2577 979 2645 έλαττον
1001 2579 1096 2662 ὑμῶν
1119 2579 1189 2646 ἐστι

167 2694 227 2750 τοῦ
255 2684 463 2768 βουλομένου
490 2687 527 2754 τὸ
556 2686 755 2771 δυνάμενον,
781 2688 837 2753 καί
864 2690 1010 2765 πολλοὺς
1037 2689 1101 2772 ἤδη
1128 2689 1267 2753 τὸνκιντ

167 2792 252 2880 ὑπὲρ
279 2792 374 2875 ὑμῶν
397 2791 510 2876 ἀγῶνα
532 2793 730 2878 αἰρομένους
751 2794 932 2879 περιείδετε
955 2793 1189 2880 ἀναρπασθέν-

239 3039 403 3114 4ἑαυτῷο
423 3057 492 3096 corr,
508 3040 630 3112 Sylburg
689 3039 806 3112 9γάριν
820 3041 846 3094 Α
864 3041 989 3096 ἕνεκαΒ
1051 3047 1084 3097 10
1103 3041 1188 3112 ἔγωγε

3 3083 4 3102 ¹
35 3133 40 3142 ·
169 3128 222 3168 om.
241 3111 264 3165 B
286 3113 288 3184 ἰ
310 3115 376 3182 ῦμίν
397 3111 420 3167 Ο
442 3113 645 3180 δο1.Ηαδεοο;
670 3113 704 3168 cf.
724 3113 897 3184 Grasberger
916 3113 1016 3168 Philol.
1040 3118 1075 3168 28
1096 3117 1187 3184 (1869)

168 3200 195 3251 p.
211 3188 263 3238 348
331 3189 365 3238 12
384 3182 505 3258 ἔνεικεν
525 3183 574 3257 ἰν)
589 3183 636 3239 Bb
655 3184 739 3239 ἕνεκα
757 3183 837 3240 ἰνἸί
906 3190 939 3240 13
957 3185 1044 3240 verba
1063 3182 1119 3240 ἀπὸ
1138 3193 1188 3240 τοῦ

167 3270 257 3322 usque
273 3254 310 3308 ad
328 3253 515 3323 προαιρέσεως
528 3273 583 3311 om.
593 3257 630 3324 A,
647 3257 780 3326 leguntur
792 3257 882 3327 igitur
894 3255 925 3311 in
938 3257 963 3310 A
977 3259 1089 3310 tanfium
1103 3257 1187 3312 haec:

169 3324 262 3394 ἐντος,
288 3325 357 3379 ἀλλά
381 3325 569 3395 προαιρέσεως
593 3325 742 3398 γενόμενος
766 3343 837 3396 ερας
866 3328 965 3383 eadem
988 3327 1108 3398 praebet
1126 3329 1187 3384 cod.

168 3396 280 3467 Elbing.
353 3402 387 3450 18
410 3397 446 3452 τδι
467 3397 528 3454 τότε
547 3401 638 3460 καλῶς
656 3396 778 3464 δόξαντα
802 3415 824 3453 ο.
843 3399 947 3455 Βυὶεἰτο
1020 3404 1055 3454 24
1073 3398 1188 3468 *αἰρου-

168 3465 306 3537 μένουςΟ
325 3466 483 3538 ἀραμένους
501 3487 523 3524 c.
540 3469 663 3540 Sylburg
681 3465 848 3538 αἰρομένους
866 3487 919 3540 ego
