2656 3932
149 215 192 281 84
578 215 733 265 -ι-

148 340 284 419 ἐλπίδας
324 336 387 425 ἐχω
428 340 553 424 τρίβων
593 337 818 423 ἐπιλήψεσθαί
857 362 969 423 τινων,
1011 339 1047 404 αἰ
1085 340 1168 404 κατὰ

147 457 298 534 κορυφῆς
330 444 468 538 άξουσιν
493 446 578 530 ἡμᾶς
604 444 659 514 ἐπί
686 447 745 512 τὸν
772 445 910 532 χάρακα·
945 446 1000 512 καί
1032 444 1167 523 ἐλπίδας

109 556 129 620 2
148 555 290 640 χρηστάς
313 549 410 639 ἐχετε.
461 552 559 620 Ταῦτ’
575 553 679 620 εἰπὼν
700 549 760 637 ᾗχε
783 553 839 618 διὰ
861 561 921 618 τοῦ
945 553 1090 638 δρυμοῦ,
1112 553 1168 617 καί

148 663 257 732 πολὺν
282 661 347 745 ἤδη
375 660 584 744 διεληλυθὼς
609 656 715 727 τόπον
743 658 888 746 εὑρίσκει
914 661 996 725 κατὰ
1026 659 1168 741 δαίμονα

118 768 256 854 εάνδρα
288 765 321 846 ἐξ
355 764 461 854 ἀγροῦ
493 773 603 833 ποθεν
634 765 789 850 ἀπιόντα,
821 765 862 832 ὃν
893 775 963 844 τοῖς
993 766 1168 844 νεωτάτοις

149 877 329 958 συλλαβεῖν
351 874 510 952 κελεύσας
532 871 678 958 ἡγεμόνα
698 883 840 939 ποιεῖται
857 884 915 959 τῆς
933 873 1023 939 ὁδοῦ.
1060 870 1168 939 κάκεῖ-

148 1006 207 1059 νος
239 981 360 1060 αὐτοὺς
392 982 484 1066 άχων
516 980 593 1066 περί
624 981 661 1046 τὸ
693 980 772 1066 όρος
809 982 873 1046 σὺν
909 985 1021 1067 πολλῷ
1058 977 1167 1067 χρόνῳ

148 1090 348 1173 καθίστησιν
377 1087 432 1155 ἐπί
460 1089 521 1156 τὸν
550 1088 793 1172 παρακείμενον
821 1097 867 1174 τῷ
899 1087 1017 1174 χάρακι
1049 1083 1168 1172 λόφον,

109 1195 233 1262 3ὑθεν
261 1191 304 1279 ἧν
333 1205 446 1281 ταχεία
474 1194 530 1262 καί
560 1193 760 1279 εὑεπίφορος
789 1189 840 1259 ἐπ’
866 1193 969 1259 αὑτὸν
998 1190 1084 1271 όδός.
1131 1191 1168 1259 ἐν

106 1295 177 1390 ιοςό
205 1302 242 1368 δέ
269 1299 361 1386 ταῦτ’
383 1301 511 1386 ἐγίνετο
538 1301 662 1389 χρόνῳ,
690 1300 858 1391 συνῄεσαν
885 1301 923 1366 αί
947 1324 982 1366 τε
1008 1311 1076 1367 τῶν
1094 1298 1168 1366 Ῥω-

148 1411 256 1491 μαίων
277 1410 333 1476 καί
356 1410 391 1494 αἰ
412 1420 480 1475 τῶν
502 1409 662 1474 Αἰκανῶν
685 1407 843 1490 δυνάμεις
865 1406 965 1490 ὁμόσε
989 1408 1045 1474 καί
1071 1432 1168 1474 κατα-

147 1525 266 1582 στᾶσαι
306 1515 482 1602 ἐμάχοντο,
523 1517 646 1600 πλήθει
686 1514 715 1580 τ’
745 1513 933 1599 ἀγχώμαλοι
974 1509 1073 1582 οὖσαι
1114 1515 1168 1580 καί

149 1622 322 1706 ὁπλισμοίς
344 1625 400 1688 καί
422 1624 618 1708 προθυμίαν
640 1620 861 1708 παρεχόμεναι
883 1625 945 1707 τὴν
968 1621 1085 1706 αὑτήν·
1113 1623 1168 1687 καί

149 1729 318 1812 διέμειναν
341 1729 395 1796 ἐπὶ
417 1732 526 1796 πολὺν
548 1725 673 1815 χρόνον
697 1729 885 1815 ἰσόρροποι,
912 1729 986 1795 τοτὲ
1012 1729 1074 1812 μὲν
1099 1727 1168 1794 ἐπι-

106 1857 131 1898 ιε
149 1839 322 1920 βαίνοντες
350 1837 518 1922 ἀλλήλοις,
545 1836 620 1902 τοτὲ
647 1832 678 1900 δ’
701 1835 968 1922 ὑποχωροῦντες,
998 1837 1107 1914 ἰππείς
1133 1860 1168 1902 τε

152 1941 286 2010 ἱππεῦσι
322 1944 378 2010 καί
413 1943 504 2023 πεζοὶ
540 1945 663 2026 πεζοῖς,
699 1943 754 2008 καί
788 1939 908 2008 ἔπεσον
939 1941 973 2020 ἐξ
1005 1941 1169 2030 ἑκατέρων
1179 1963 1253 2013 2114

109 2051 269 2137 4άνδρες
296 2048 476 2137 ἐπιφανεῖς.
523 2046 634 2115 ἔπειτα
661 2052 772 2135 κρίσιν
795 2049 956 2133 λαμβάνει
983 2048 1001 2115 ὁ
1026 2048 1168 2135 πόλεμος

149 2155 288 2243 ἐπιτελῆ.
343 2157 361 2224 ὑ
399 2159 462 2243 γάρ
494 2159 632 2233 Σίκκιος
664 2157 720 2222 καί
752 2157 785 2222 οἰ
817 2158 882 2222 σὺν
914 2152 1019 2244 αὐτῷ,
1055 2156 1167 2243 ἐπειδὴ

149 2267 292 2349 πλησίον
314 2263 469 2349 ἐγένοντο
492 2274 550 2349 τῆς
572 2267 782 2350 παρεμβολῆς
804 2275 871 2330 τῶν
889 2266 1058 2349 Αἰκανῶν,
1082 2261 1168 2350 άφὺ-

106 2392 131 2432 ιο
150 2376 271 2438 λακτον
298 2370 452 2457 εὑρόντες
479 2368 585 2436 ἐκεῖνο
613 2372 651 2436 τὸ
677 2369 776 2456 μέρος
798 2379 859 2437 τοῦ
881 2371 1090 2456 χάρακος-
1114 2371 1168 2437 ἐπὶ

149 2479 213 2562 μὰρ
235 2477 363 2563 θάτερα
380 2479 420 2543 τά
439 2479 522 2563 πρὸς
539 2480 617 2556 τοὺς
635 2477 842 2563 μαχομένους
859 2476 1066 2564 ἐστραμμένα
1085 2478 1167 2564 μέρη

149 2592 238 2648 πᾶσα
255 2585 276 2667 ἡ
296 2584 510 2669 φυλάττουσα
528 2581 632 2650 αὑτὸν
648 2585 789 2667 δύναμις
806 2583 964 2670 ἐτράπετο
982 2587 1064 2651 κατὰ
1082 2585 1168 2652 θέαν

149 2699 209 2756 τοῦ
238 2687 367 2774 ἀγῶνος
390 2728 434 2738 -
457 2689 706 2768 ἐπεισπεσόντες
732 2693 814 2758 κατὰ
840 2693 969 2777 πολλὴν
996 2689 1168 2759 εὐπέτειαν

110 2797 231 2863 5ιιατδι
258 2807 409 2883 κορυφῆς
435 2799 586 2880 γίνονται
613 2807 680 2863 τῶν
708 2798 876 2884 φυλάκων.
922 2796 1021 2866 ἔπειτ’
1048 2796 1169 2865 ιἰλαλά-

106 2923 131 2965 εε
151 2902 264 2982 ξαντες
291 2900 391 2970 ἔδεον
419 2901 469 2969 ἐπ’
493 2901 626 2982 αὑτούς·
656 2906 688 2970 οἰ
716 2902 746 2970 δ’
768 2903 834 2972 ὑπὸ
862 2914 922 2971 τοῦ
950 2902 1028 2991 παρ’
1051 2904 1169 2972 ἐλπίδα

222 3050 236 3097 1
261 3043 334 3098 κατὰ
355 3064 448 3113 κορυφ
468 3043 526 3099 νΟ
553 3061 621 3100 corr.
642 3046 746 3100 Reiske
822 3053 838 3100 ό
862 3043 1026 3101 άπιόντοιΟ
1053 3043 1169 3100 ἐπιόντα

150 3133 173 3169 ο.
188 3113 360 3186 amberga
377 3115 477 3172 Philo.
496 3121 530 3170 28
549 3119 641 3186 (1869)
659 3123 720 3185 347,
744 3115 861 3174 άνιόντα
879 3116 988 3187 Kayser
1006 3120 1078 3172 Ann.
1097 3117 1168 3201 phil.

151 3191 229 3253 1870,
249 3192 300 3242 ‘122
356 3193 370 3242 ’ί
390 3186 437 3241 ἐπί
455 3184 487 3244 τὸ
506 3185 609 3256 όροςΑ
630 3188 633 3261 ἰ
655 3190 705 3243 οὑν
721 3191 812 3262 πολλῷ
826 3186 905 3276 πόνῳ
919 3185 1011 3261 χρόνῳ
1027 3188 1169 3273 03Re1ske

150 3263 166 3311 8
189 3255 396 3327 παρακείμενον
418 3258 440 3313 0
466 3257 641 3330 ἐπικείμενον
665 3260 710 3315 vel
734 3261 933 3329 ὑπερκειμενον
960 3277 982 3314 ο.
1002 3259 1106 3316 Re1ske
1132 3260 1167 3314 cf.

150 3327 258 3398 Jacoby
277 3328 342 3383 obs.
360 3348 388 3399 p.
405 3335 456 3384 333
518 3335 552 3384 10
572 3328 729 3456 dragma
748 3330 795 3386 Bb
858 3337 891 3385 13
910 3351 982 3398 παρε
1001 3329 1096 3401 όμενοι
1114 3331 1167 3386 AB

151 3396 339 3526 ιὸοέρεχόμρροὲι
356 3401 382 3454 R
454 3407 488 3455 20
507 3400 598 3458 ἐκεῖνο
617 3418 634 3456 ει
655 3403 681 3456 d.
701 3402 724 3455 B
798 3408 830 3456 21
849 3421 970 3471 τετραμμ
985 3422 1021 3458 να
1040 3419 1063 3457 c.
1080 3400 1168 3458 Cobet

196 3489 216 3525 ε.
236 3489 263 3541 p.
