2662 3920
541 213 757 269 PRAEFATIO.
1124 214 1163 270 lx

300 339 433 394 editionis
451 338 695 394 Francofurtensis
709 337 832 408 margini
849 337 1023 408 adscriptae,
1043 354 1162 407 quarum

299 437 381 474 nsum
400 417 489 474 debeo
508 418 560 472 Th.
576 417 680 473 Struvii
694 417 728 472 V.
744 417 783 472 Ol.
798 417 1018 473 benevolentiae.

334 499 414 554 Nova
437 499 599 569 fragmenta
622 513 694 568 quae
718 515 752 552 ex
775 497 963 553 Eseorialensi
986 499 1015 553 et
1035 498 1162 554 Parisino

300 579 372 634 libro
399 580 578 634 accesserunt
602 579 660 632 suis
685 577 756 633 locis
781 579 899 646 inserui,
925 578 1023 633 ordine
1048 579 1162 649 volgato

300 659 466 729 plerumque
480 660 599 726 servato,
614 675 698 728 quem
713 659 738 713 si
752 659 902 714 emendare
913 658 1072 726 voluissem,
1087 661 1163 714 certe

300 739 377 808 XIII,
397 739 523 794 10—fin.
546 741 613 794 ante
635 738 701 793 XIH
720 746 736 794 6
759 738 926 795 collocanda
946 741 1035 794 erant.
1076 738 1163 794 Nolui

301 822 396 874 autem
415 819 551 890 eclogarii
568 818 748 874 Ambrosisni
767 819 913 874 eonsilium
934 820 1081 890 corrigere.

335 899 483 955 Librorum
501 898 580 953 XVII
594 901 623 954 et
635 898 727 954 XVIII
743 899 904 970 fragmenta
919 900 1093 970 distinguere
1106 916 1163 953 non

300 980 382 1049 potui
403 981 520 1049 propter
545 979 788 1049 perturbationem
807 996 864 1048 qna
882 997 1061 1034 numerorum
1078 981 1163 1034 notae

301 1060 378 1130 apud
397 1059 572 1129 Stephanum
591 1059 760 1130 Byzantium
777 1060 911 1115 confusae
925 1062 999 1115 sunt.
1026 1060 1162 1114 Maiorem

300 1140 422 1208 denique
441 1139 545 1194 decimi
562 1139 630 1194 noni
649 1141 698 1208 qui
716 1141 807 1196 fertur
826 1139 893 1194 libri
906 1142 1017 1210 partem
1031 1140 1163 1195 vicesimo

301 1219 440 1289 adscripsi
469 1221 586 1289 propter
616 1219 893 1287 adnotatiunculam,
922 1236 995 1289 quae
1022 1220 1053 1275 in
1080 1221 1163 1275 initio

300 1300 455 1370 fragmenti
468 1299 591 1355 Parisini
604 1299 718 1370 legItur,
733 1301 808 1356 unde
819 1303 939 1371 apparet
949 1299 1055 1355 bellum
1064 1303 1163 1355 conta

300 1381 438 1450 Pyrrhum
464 1379 523 1434 fere
541 1382 634 1436 toturn
652 1381 683 1435 in
700 1379 801 1436 ultImo
820 1380 893 1435 libro
913 1397 929 1435 a
947 1380 1084 1450 DIonysio
1103 1396 1163 1435 esse

300 1460 465 1514 narratum?

213 1574 289 1635 Cum
330 1593 408 1633 anno
452 1575 537 1635 1903
576 1573 699 1636 Carolus
742 1576 778 1637 de
814 1577 955 1652 Boetius,
995 1578 1031 1636 ut
1071 1595 1164 1652 supra

140 1672 383 1748 commemoravi,
405 1673 576 1752 fragmenta
594 1673 723 1751 Dionysi
739 1673 998 1736 Halicarnasensis
1019 1673 1164 1734 librorum

138 1770 204 1847 XV,
226 1769 314 1829 XVII
337 1772 368 1830 et
389 1770 505 1847 XVIII,
533 1771 604 1844 XIX
628 1771 849 1833 accuratissime
875 1776 906 1833 et
933 1771 1162 1851 diligentissime

138 1869 171 1926 in
199 1867 329 1928 editione
354 1869 571 1946 Excerptorum
598 1870 634 1929 de
663 1869 864 1949 legationibus
892 1870 1098 1931 Romanorum
1124 1869 1164 1931 ad

110 2039 112 2044 ,
140 1969 244 2046 gentes
274 1969 332 2027 vol.
356 1966 372 2025 I
399 1970 477 2044 part.
503 1970 519 2026 1
545 1989 575 2045 p.
596 1969 703 2028 7-19
733 1967 873 2043 ediderit,
904 1968 1037 2028 officium
1064 1989 1163 2028 meum

139 2083 202 2125 esse
229 2065 337 2141 putavi
360 2066 417 2125 hae
444 2065 575 2126 editione
602 2065 663 2142 uti3
694 2069 765 2126 sunt
792 2068 892 2126 autem
918 2067 997 2145 sigla
1019 2067 1164 2142 codicum,

139 2181 216 2239 quos
240 2162 276 2222 de
298 2163 428 2222 Boorius
452 2166 571 2224 secutus
596 2166 656 2240 est,
679 2164 765 2224 haec:

307 2298 339 2352 Ε
350 2323 377 2344 =
392 2297 580 2353 Seorialenses
599 2297 625 2350 R
637 2297 678 2351 111
693 2304 726 2352 14
745 2299 775 2352 et
793 2297 818 2351 a
831 2297 871 2352 111
885 2304 928 2352 a1.

313 2375 341 2432 V
349 2403 376 2424 π
389 2376 546 2432 Vaticanus
565 2377 689 2434 Graecus
709 2382 786 2433 1418.

307 2457 336 2512 R
349 2483 377 2502 =
389 2457 534 2512 Parisinus
554 2457 678 2514 Graecus
698 2464 777 2513 aaut.

307 2537 336 2591 B
349 2563 377 2582 =
390 2537 579 2593 Bruxellenais
600 2542 780 2593 11301-16.

301 2617 339 2671 M
349 2643 378 2664 ε
391 2617 568 2672 Monacensis
587 2624 648 2674 261.

309 2699 338 2752 Ρ
348 2723 376 2744 =
390 2697 538 2753 Palatinus
551 2697 708 2754 Vaticanus
727 2699 851 2756 Graecus
871 2705 930 2754 113.

315 2778 378 2834 0=
392 2777 525 2833 Omnium
544 2778 674 2835 codicum
692 2795 859 2834 consensum
877 2780 1012 2837 declarat.

306 2858 338 2913 X
349 2884 377 2904 ==
391 2857 526 2914 Codicum
543 2859 628 2914 ΒΜΡ
647 2875 812 2914 eonsensum
831 2859 948 2915 indicat.

212 2988 258 3048 De
291 2989 417 3069 singulis
449 2992 537 3053 rebus
569 2992 720 3070 praefatio
753 2991 788 3051 do
820 2993 924 3054 Boorii
951 2993 1070 3055 subtilis
1098 3013 1163 3072 par·

140 3087 269 3166 legenda
287 3090 333 3149 est
351 3109 447 3167 nequo
466 3109 591 3152 censura
609 3090 797 3170 neglegenda
815 3094 870 3167 est,
888 3110 980 3168 quam
994 3091 1162 3171 leopoldus

142 3184 274 3246 Gohnius
312 3179 462 3269 (Gotting.
494 3190 628 3268 gelehrte
660 3189 814 3266 anzeigen
847 3191 934 3249 1904
971 3211 999 3267 p.
1029 3193 1091 3251 391
1118 3185 1163 3274 ff.)

139 3283 250 3344 acriter
277 3284 362 3361 fecit,
385 3305 446 3363 qua
469 3306 485 3346 e
508 3306 634 3349 censura
656 3306 704 3347 me
722 3287 821 3347 multa
838 3287 871 3347 in
890 3288 1041 3365 adparatu
1059 3289 1163 3350 critico

139 3401 200 3441 non
223 3401 470 3445 commemorasse
492 3386 670 3463 gravissime
692 3385 779 3445 doleo
798 3385 967 3445 -itinere
990 3387 1022 3447 in
1040 3386 1163 3448 Italiam

141 3477 298 3540 Graeciam
331 3480 495 3558 Asiamque
527 3485 609 3545 facto
641 3483 786 3544 memoria
817 3481 900 3543 illius
932 3483 1041 3564 libelli,
1073 3506 1163 3564 quem

195 3601 585 3650 nrosrs.Han.IV.nn.Jaconr.
967 3600 1002 3655 a*
