2656 3932
148 214 211 280 148
566 243 599 251 -
637 215 677 265 ΙΑ
714 242 748 250 -

146 341 265 424 φύσεις
297 339 426 404 ἅπαντα
459 326 645 423 συγχωρεῖν
676 347 746 414 τοίς
777 345 958 421 κρατοῦσιν
988 336 1134 421 ὀναγκαζ
1154 376 1168 386 -

145 446 256 528 μένων
292 446 347 512 καί
383 445 578 544 κατανέμειν
610 442 749 521 ἑαυτοὺς
786 445 833 521 είς
867 445 925 520 τὰς
957 443 1168 529 ὀλιγαρχικὰς

145 553 305 638 ἑταιρίας,
340 563 408 618 τῶν
440 549 471 616 δ’
497 548 597 636 ἧττον
631 552 812 636 ψοφοδεῶν
844 547 1079 635 ἀφισταμένων
1110 561 1168 636 τῆς

145 660 230 745 ὑπὲρ
256 670 324 726 τῶν
351 670 475 725 κοινῶν
503 659 684 745 φροντίδος
710 658 766 724 καί
788 658 848 722 τὸν
872 655 1068 741 ιἰτιροίγμονα
1090 659 1168 740 βίον

114 766 478 852 εμεθαρμοττομένων·
507 767 598 843 ὅσοις
626 765 663 830 δὲ
686 765 772 830 πολὺ
796 765 834 828 τὸ
857 773 1015 847 γενναῖον
1038 763 1076 830 έν
1098 775 1168 842 τοῖς

144 876 280 958 τρόποις
301 871 356 958 ἦν,
382 876 467 952 ἰδίας
491 872 636 958 ἑταιρίας
656 869 990 954 κατασκευαζομένων
1007 871 1063 936 καλ
1086 887 1168 956 συμ

145 981 366 1066 φρονούντων
396 979 450 1047 ἐπί
480 985 613 1066 φυλακῇ
643 1002 679 1044 τε
709 977 861 1062 ἀλλήλων
890 977 945 1042 καί
974 978 1168 1060 μεταστάσει

105 1089 125 1153 3
144 1097 202 1170 τῆς
224 1089 399 1164 πολιτείας.
436 1087 565 1152 τούτων
583 1087 621 1152 δὲ
643 1095 711 1152 τῶν
729 1083 883 1170 ἑταιριῶν
900 1085 1060 1168 ἡγεμόνες
1081 1082 1168 1170 ἦσαν

145 1196 178 1258 οί
209 1205 335 1279 πρῶτοι
365 1193 587 1278 τολμήσαντες
619 1191 657 1258 ἐν
688 1203 734 1279 τῷ
767 1192 933 1280 συνεδρίῳ
962 1193 1040 1277 περί
1071 1217 1169 1258 κατα-

101 1323 126 1363 ιο
145 1300 270 1378 λύσεως
288 1311 346 1386 τῆς
369 1302 586 1386 δεκαδαρχίας
605 1301 722 1383 εἰπεῖν,
745 1299 886 1376 Λεύκιος
908 1298 1090 1384 Οὐαλέριος
1112 1300 1169 1365 καί

144 1407 284 1492 Μάρκος
303 1405 475 1492 Ὀροίτιος,
499 1405 706 1492 φραξάμενοί
722 1429 757 1472 τε
774 1407 833 1482 τὰς
851 1405 957 1482 οίκίας
975 1405 1090 1484 ὅπλοις
1112 1407 1169 1472 καί

144 1516 299 1599 φυλακὴν
317 1517 539 1600 θεραπόντων
557 1515 613 1579 καί
636 1519 786 1580 πελατῶν
806 1514 971 1598 καρτερὰν
993 1513 1070 1599 περὶ
1092 1511 1169 1579 ἑαυ-

144 1625 222 1698 τοὺς
254 1618 400 1706 ἔχοντες,
433 1621 477 1697 ὡς
506 1617 579 1705 μήτ’
604 1618 641 1686 ἐκ
669 1629 730 1685 τοῦ
760 1621 873 1703 βιαίου
903 1626 1029 1686 παθεῖν
1057 1621 1169 1704 μηθὲν

104 1729 218 1812 4μήτ’
244 1725 281 1792 ἐκ
312 1735 372 1792 τοῦ
406 1727 531 1792 δολίου.
581 1727 672 1804 ὅσοις
704 1723 735 1791 δ’
762 1727 839 1792 ούτε
870 1728 1074 1812 θεραπεύειν
1105 1728 1168 1812 τὴν
1177 1745 1248 1794 11111
1306 1749 1307 1802 3

100 1856 125 1896 ιι
143 1845 211 1899 τῶν
228 1833 442 1920 κρατούντων
460 1831 615 1911 ἐξουσίαν
633 1833 851 1916 βουλομένοις
868 1831 911 1918 ἦν
929 1835 1006 1899 οὔτε
1024 1835 1167 1919 μηδενὸς

145 1940 405 2026 ἐπιστρέφεσθαι
423 1951 491 2006 τῶν
508 1951 632 2008 κοινῶν
649 1937 722 2006 οόδ’
737 1939 774 2007 ἐν
793 1937 949 2028 ἀπράκτῳ
968 1944 1027 2025 ζῆν
1044 1942 1167 2029 ἡσυχίᾳ

143 2050 247 2114 καλὸν
270 2045 393 2132 ἐδόκει,
420 2053 578 2131 πολεμεῖν
599 2044 628 2113 τ’
648 2045 713 2113 ἀνδι
735 2048 855 2133 κρότος
877 2048 918 2113 ού
943 2045 1072 2136 ῥᾴδιον,
1095 2049 1167 2115 ἐπεὶ

144 2162 391 2242 καθαιρεθῆναι
409 2156 610 2222 δυναστείαν
628 2155 829 2239 τηλικαύτην
847 2152 992 2238 ἀνόητον
1010 2153 1165 2240 ἐφαίνετο

144 2257 244 2345 είναι,
272 2263 450 2329 κατέλιπον
474 2265 536 2348 τὴν
559 2263 666 2329 πόλιν.
711 2263 843 2348 ἡγεμὼν
866 2261 904 2327 δὲ
927 2262 1056 2328 τούτων
1080 2263 1166 2347 ἀνὴρ

100 2391 125 2430 νο
144 2367 238 2453 <ἦν>
262 2369 426 2454 ἐπιφανὴς
446 2369 546 2446 Γοίιος
564 2370 749 2453 Κλαύδιος,
772 2369 790 2434 ὁ
813 2379 874 2435 τοῦ
897 2370 1165 2454 κορυφαιοτάτου

216 2550 231 2597 2
250 2543 335 2597 verba
354 2545 402 2598 καλ
419 2542 585 2614 κατανέμειν
600 2543 716 2606 ἑαυτούς
730 2544 770 2607 είς
783 2544 833 2607 τὰς
848 2543 1027 2615 ὀλιγαρχικὰς
1041 2541 1165 2613 ἑταιρίας

143 2631 196 2668 om.
211 2615 241 2668 M
260 2614 331 2683 (Elb.
350 2615 460 2683 οὕτως
480 2615 659 2685 ὀλιγαρχικὰς
677 2615 726 2669 LV
745 2614 906 2686 ὀλιγαρχίας
925 2616 950 2669 R
1022 2617 1106 2670 ικαὶ
1125 2617 1165 2678 εἰς

142 2683 192 2742 τὸν
218 2685 306 2740 Οοοεί
332 2685 396 2740 obs.
423 2705 450 2755 p.
471 2692 531 2752 20⁷,
560 2687 609 2742 sed
636 2686 741 2740 cf.vl1
765 2693 843 2754 56‚2
872 2690 901 2742 οι
928 2687 1078 2756 Euripides
1103 2687 1163 2741 Ale.

144 2764 226 2812 1157:
246 2766 298 2812 νύν
317 2757 370 2828 γὰρ
390 2755 629 2827 μεθηρμόσμεσθα
647 2755 743 2828 βελτίω
763 2755 825 2828 βίον
839 2767 889 2813 τού
903 2756 1030 2826 πρόσθεν
1082 2765 1164 2827 ’ίφυ-

143 2832 228 2900 λακῆς
241 2829 289 2883 VL
312 2829 314 2902 ί
335 2829 536 2899 μεταναστάσει
552 2828 574 2883 0
595 2845 664 2882 corr.
679 2829 782 2882 Reiske
838 2835 871 2883 10
891 2827 1042 2899 δεκαρχίας
1056 2829 1078 2884 Ο
1094 2843 1163 2884 corr.

142 2901 285 2971 Kiessling
358 2907 390 2954 11
410 2900 528 2970 μάρκιος
546 2900 664 2968 ὡράτιος
684 2899 706 2954 Ο
778 2905 811 2954 13
830 2901 896 2970 μήτε
915 2921 942 2954 τι
959 2910 1009 2955 τοῦ
1023 2900 1080 2954 VM
1098 2898 1161 2970 μήτ’

143 2972 173 3026 ἐκ
191 2982 241 3027 τοο
256 2973 277 3026 L
329 2979 362 3027 14
381 2970 443 3041 μήτ’
461 2971 492 3026 ἐκ
510 2981 560 3026 τοῦ
579 2968 675 3025 δολίου
695 2988 747 3026 om.
760 2971 790 3024 M
803 2988 854 3040 pro
868 2973 912 3025 his
926 2971 1031 3039 verbis,
1047 2989 1120 3041 quae
1133 2973 1164 3026 in

142 3044 171 3096 M
191 3045 305 3110 desunt,
325 3045 437 3098 exstant
457 3041 520 3113 μήτ’
537 3043 569 3097 ἐκ
587 3051 636 3097 τοῦ
656 3052 781 3110 φανεροῦ
800 3040 907 3097 δειλίαν
926 3047 1164 3114 καταγνωσθῆναι

144 3121 177 3169 16
203 3115 324 3169 Ι’κοινῶν
350 3113 410 3170 ούτ’
435 3114 457 3169 Ο
483 3123 588 3169 κοινῶν
613 3114 662 3168 καὶ
688 3112 775 3169 Cobet
801 3113 867 3168 Obs.
894 3133 920 3183 p.
943 3120 994 3169 207
1023 3113 1087 3169 οόδ’
1111 3131 1164 3184 ego

144 3192 175 3239 17
200 3189 291 3248 καλῶς
314 3185 336 3240 Ο
364 3183 452 3241 καλὸν
480 3185 602 3256 Sylburg
636 3185 639 3257 Ι
674 3185 731 3239 ἀνὰ
755 3185 857 3253 κροίτος
883 3186 916 3240 ού
942 3185 1164 3259 ὀᾴδιον-τηλι·

143 3257 249 3324 καύτην
275 3254 396 3324 ἀνόητον
418 3257 440 3312 Ο
467 3257 524 3312 ἀνὰ
549 3257 651 3325 κρύτος
676 3254 878 3325 ἀνόητον-ού
905 3256 1005 3330 ῥᾴδιον
1031 3255 1164 3326 ἐφαίνετο

143 3345 165 3381 ο.
176 3327 319 3397 Kiessling
333 3327 464 3396 ἐφαίνετο
479 3329 622 3383 ἀδύνατον
635 3329 692 3382 nisi
705 3329 824 3382 forsitan
838 3328 948 3397 aliquid
963 3329 1059 3383 deesse
1068 3329 1164 3383 videa-

142 3401 273 3454 tutante
292 3403 506 3470 καθαιρεθῆναι
526 3417 548 3454 ο.
567 3399 688 3468 Sylburg
712 3397 842 3467 ἐφαίνετο
862 3400 1002 3468 ἀνήνυτον
1021 3417 1044 3454 ο.
1059 3400 1166 3456 Reiske

144 3475 176 3524 19
197 3470 269 3540 ἀνὴρ
287 3469 427 3540 ἐπιφανὴς
446 3471 468 3526 O
487 3467 522 3540 ἦν
541 3471 606 3526 add.
622 3469 745 3525 Sintenis
761 3470 820 3524 Em.
837 3470 917 3524 Dion.
932 3471 1001 3526 1116
