2668 3922
595 251 628 260 -
666 224 707 275 ῙΑ
744 252 777 262 -·
1131 225 1195 290 211

176 359 244 414 τῶν
267 346 487 432 ἀποθεμένων
509 349 571 433 τὴν
594 349 782 434 χιλιαρχίαν
810 347 963 433 ἀδελφός.
991 343 1107 414 ,αύται
1135 350 1197 416 δύο
1216 350 1237 414 3

176 457 258 522 κατὰ
287 457 348 522 τὸν
378 454 482 520 αὐτὸν
511 451 668 520 ἐνιαυτὸν
697 453 796 540 ἀρχαὶ
820 452 986 539 Ῥωμαίων
1016 457 1051 522 αί
1078 457 1116 522 τὸ
1143 455 1198 539 με’·

175 579 293 648 γιστον
310 559 446 648 ,ἔχουσαι
468 561 588 647 κράτος
610 560 779 646 ἐγένοντο·
802 563 890 646 πλὴν
912 562 975 627 ούκ
997 561 1199 648 ένᾶπύσαις

176 680 248 747 ταῖς
280 667 472 752 Ῥωμαικαίς
506 671 769 755 χρονογραφίαις
806 668 990 756 ἀμφότεραι
1028 669 1199 755 φέρονται,

177 773 249 842 ἀλλ’
277 774 315 843 έν
347 767 400 854 αίς
430 775 492 858 μέν
524 776 558 841 οί
588 777 753 862 χιλίαρχοι
788 778 904 860 μόνον,
941 774 978 842 έν
1015 769 1067 854 αῖς
1103 773 1134 842 θ’
1166 779 1199 843 οί
1230 796 1243 838 ι

176 883 312 974 ύπατοι,
344 881 382 950 έν
409 883 450 948 ού
483 886 621 961 πολλαῖς
653 879 684 947 θ’
707 881 904 970 ἀμφότεροι,
936 874 988 962 αἶς
1016 883 1109 968 ἡμεῖς
1136 885 1199 950 ούκ

177 991 259 1056 ίίνευ
283 995 444 1074 λογισμοῦ
468 988 796 1074 συγκατατιθέμεθα,
823 990 1036 1068 πιστεύοντες
1062 990 1101 1058 δέ
1127 1000 1199 1069 ταίς

178 1095 214 1163 έκ
245 1107 313 1163 τῶν
347 1097 446 1184 ἱερῶν
477 1120 512 1163 τε
544 1097 600 1162 καί
631 1094 809 1162 ἀποθέτων
840 1099 968 1180 βίβλων
994 1100 1198 1184 μαρτυρίαις.

95 1205 259 1270 mommo
287 1204 348 1288 μέν
376 1199 440 1280 οὖν
467 1203 569 1270 ούθέν
592 1201 647 1269 έπί
674 1212 732 1288 τῆς
759 1204 888 1270 τούτων
911 1203 1013 1290 ἀρχῆς
1040 1205 1117 1272 ούτε
1139 1203 1240 1271 πο-4

178 1313 313 1394 λεμικὸν
336 1312 413 1376 ούτε
436 1311 608 1376 πολιτικὸν
626 1307 727 1396 ἔργον
752 1312 898 1397 ἱστορίας
920 1309 1014 1390 ἄξιον
1036 1309 1199 1398 ἐπράχθη,
1218 1332 1244 1372 ιο

157 1415 159 1419 ’
179 1423 348 1502 συνθῆκαι
371 1417 409 1483 θὲ
430 1418 514 1503 πρὸς
535 1418 597 1502 τὴν
616 1416 800 1504 Ἀρδεατῶν
823 1420 922 1484 πόλιν
945 1415 1100 1502 ἐγένοντο
1122 1419 1200 1502 περί

179 1525 294 1608 φιλίας
315 1546 350 1589 τε
373 1524 429 1589 καί
451 1526 649 1610 συμμαχίας·
673 1523 938 1610 ἐπρεσβεύσαντο
960 1526 1025 1612 γὰρ
1043 1523 1199 1592 ἀποτιθέ-

178 1653 274 1714 μενοι
306 1631 346 1695 τὰ
378 1631 455 1716 περὶ
484 1642 543 1717 τῆς
573 1633 682 1718 χώρας
713 1631 899 1716 ἐγκλήματα
931 1637 1200 1719 παρακαλοῦντες

180 1739 274 1822 φίλοι
300 1735 466 1820 Ῥωμαίων
494 1737 655 1823 γενέσθαι
684 1739 740 1804 καί
769 1739 943 1824 σύμμαχοι.
992 1740 1113 1819 ταύτας
1141 1741 1200 1818 τὰς

180 1847 353 1932 συνθήκας
375 1847 412 1911 τὸ
435 1855 503 1911 τῶν
525 1845 661 1913 ὑπάτων
685 1846 820 1932 ἀρχείου
842 1845 1038 1933 ἐπεκύρωσε.
1112 1888 1114 1894 -
1218 1865 1243 1907 ιε

250 1967 365 2035 LXHI.
389 1975 441 2057 Τῷ
465 1967 496 2035 θ’
510 1969 583 2056 ἑξῆς
606 1970 747 2058 ἐνιαυτῷ
769 1971 871 2036 πάλιν
888 1971 1037 2048 ὑπάτους
1053 1981 1200 2056 ψηφισα-

179 2075 283 2160 μένου
311 2086 371 2143 τοῦ
399 2079 506 2162 θύμου
533 2085 784 2163 κατασταθῆναι
812 2077 1110 2161 παραλαμβάνουσι
1138 2079 1201 2162 τὴν

44 2167 48 2172 ’
179 2182 309 2248 ὕπατον
339 2183 444 2270 ἀρχὴν
473 2193 513 2271 τῇ
544 2185 734 2270 θιχομαίνιθι
765 2192 825 2248 τοῦ
855 2185 1065 2268 Δεκεμβρίου
1097 2185 1201 2268 μηνὸς

180 2289 321 2374 Μύρκος
352 2290 511 2374 Γεγύνιος
540 2297 733 2377 Μακερίνος
761 2291 799 2356 τὸ
829 2290 988 2375 δεύτερον
1016 2289 1072 2356 καί
1106 2292 1202 2368 Τίνος

180 2397 338 2473 Κοίντιος
361 2399 593 2474 Καπιτωλῖνος
624 2398 661 2462 τὸ
685 2395 842 2479 πέμπτον.
888 2391 982 2462 οὗτοι
1009 2372 1245 2504 eaodem}

179 2504 242 2587 τὴν
271 2504 410 2587 βουλήν,
440 2503 492 2569 ὅτι
521 2505 627 2570 πολλὰ
656 2503 718 2587 μὲν
747 2504 803 2570 καί
832 2505 916 2569 ἄλλα
942 2503 1117 2591 πράγματα
1144 2505 1200 2570 διὰ
1277 2582 1280 2589 ,

180 2612 238 2690 τὰς
266 2619 417 2695 συνεχεῖς
443 2620 511 2676 τῶν
537 2610 674 2678 ύπιίτων
703 2613 874 2698 στρατείας
902 2611 1089 2697 ἠμελημένα
1117 2633 1200 2698 παρ-

100 2727 279 2802 εεοεείται,
307 2717 442 2783 πάντων
469 2715 500 2782 θ’
518 2717 779 2802 ἀναγκαιότατον
801 2719 839 2784 τὸ
867 2719 943 2804 περί
970 2721 1028 2796 τὰς
1054 2722 1201 2804 τιμήσεις

181 2835 248 2890 τῶν
275 2826 361 2908 βίων
387 2826 540 2908 νόμιμον,
568 2822 601 2902 ἐξ
629 2819 677 2890 ὧν
704 2824 722 2890 θ
747 2821 776 2890 τ’
794 2822 938 2911 ἀριθμὸς
964 2811 1032 2891 τῶν
1055 2823 1200 2910 έχύντων

182 2932 243 3014 τὴν
266 2931 506 3017 στρατεύσιμον
529 2931 660 3016 ἡλικίαν
683 2929 878 3016 ἐγινώσκετο
906 2932 962 2998 καί
988 2942 1055 2997 τῶν
1077 2932 1200 3018 χρημύ-
1217 2953 1244 2994 ει

183 3059 249 3102 των
280 3039 318 3104 τὸ
350 3043 496 3122 πλῆθος,
530 3037 589 3123 ἀφ’
615 3031 663 3104 ὧν
696 3035 763 3104 ἔδει
794 3041 852 3117 τὰς
884 3040 932 3116 είς
962 3039 1023 3104 τὸν
1054 3040 1200 3122 πόλεμον

184 3144 343 3228 εἰσφορὰς
366 3143 505 3210 ἕκαστον
527 3148 645 3229 τελεῖν,
669 3144 824 3229 οὐδεμιᾶς
845 3148 1005 3230 τιμήσεως
1028 3142 1121 3224 ’ἐντὸς
1143 3145 1199 3212 έπ-

256 3405 405 3479 θέχουσαι
422 3409 452 3463 Μ
473 3408 546 3480 ἔχειν
564 3410 586 3463 L
607 3408 702 3480 ἔχουσι
714 3409 740 3463 V
811 3415 829 3464 4
848 3406 999 3478 φαίνονται
1018 3409 1040 3464 0
1064 3405 1199 3480 φέρονται

183 3478 306 3551 Sylburg
379 3485 412 3534 10
430 3477 620 3551 πολεμικὸνΙι
643 3477 775 3550 πολέμιον
793 3481 819 3534 R
891 3487 925 3536 18
943 3478 1132 3553 θεκεβρίουί

985 3587 1038 3644 14·
