2654 3916
165 199 230 265 266
583 231 616 240 -
654 203 698 254 ΙΕ
735 232 769 241 -

164 325 267 414 ηεσαν
289 325 404 403 αὐτοῖς
426 324 600 412 ὁσημέραι,
627 327 683 392 καί
709 328 782 414 χείρ
810 326 941 412 ἐγένετο
963 329 1040 415 περὶ
1064 330 1186 408 αὑτοὺς

163 432 318 518 καρτερά·
354 429 466 498 ἔπειτα
496 434 537 499 τά
569 434 776 520 δεσμωτήρια
807 435 974 521 ἁπάντων,
1010 438 1073 504 ὅσα
1103 439 1186 504 κατά

163 540 242 616 τοὺς
264 539 389 625 άχροὺς
410 536 464 624 ἦν,
486 537 601 606 έλύετο
624 541 680 606 καί
703 541 858 628 συνέρρει
987 543 1095 610 Εεοον.

233 643 306 711 ΙΠΙ.
338 647 379 711 Ol
407 647 445 713 δέ
473 657 539 713 τῶν
562 645 728 730 Ῥωμαίων
755 648 877 716 ύπατοι
903 659 1015 717 πᾶσαν
1042 651 1103 736 την
1130 674 1186 734 με·

131 750 243 830 εταξὺ
275 763 339 838 γῆν
370 749 475 832 ἀδεῶς
507 756 701 833 διελθόντες
732 766 800 822 τῶν
830 756 892 840 μὲν
923 757 984 823 οὑκ
1014 755 1185 824 ἐναντιου-

161 858 283 944 μένων,
315 870 383 926 τῶν
412 861 450 927 δέ
482 864 814 947 συμπροπεμπόντων
842 901 884 912 -
913 865 1035 931 πολλαί
1064 861 1094 930 δ’
1120 866 1185 931 είσλ

163 967 346 1053 δυσχωρίαι
372 969 455 1034 κατά
482 970 544 1053 την
571 967 608 1035 ἐκ
630 967 753 1054 Ῥώμης
780 971 827 1048 είς
855 973 1057 1054 Καμπανίαν
1085 973 1185 1056 ἄγου-

163 1088 227 1139 σαν
249 1072 332 1140 ὑδὸν
354 1074 450 1161 όρεσί
469 1097 506 1141 τε
527 1076 584 1142 καί
606 1075 742 1160 τέλμασι
763 1077 820 1143 καί
841 1077 1024 1156 θαλάτταις
1045 1079 1101 1145 καί
1125 1100 1185 1146 πο-

162 1189 277 1263 ταμοίς
308 1184 525 1268 ναυσιπόροις
557 1184 815 1269 διακλειόμενοι,
847 1184 886 1262 ἃς
918 1185 959 1251 ού
992 1183 1111 1275 ῥηίδιον
1141 1183 1185 1271 ἦν

117 1260 144 1389 12⁰
163 1287 313 1354 διελθείυ
335 1287 402 1355 ὑπὸ
424 1300 493 1356 τῶν
515 1293 683 1374 πολεμίων
703 1293 1041 1378 προκαταληφθείσας
1062 1331 1107 1340 -
1129 1297 1187 1360 καί

161 1417 237 1460 τινα
265 1396 321 1462 καὶ
349 1399 510 1482 ποταμόν,
539 1396 577 1475 ὃς
606 1399 662 1464 διὰ
688 1408 746 1483 τῆς
773 1401 967 1467 Κασιλίνων
993 1400 1102 1485 χώρας
1128 1401 1185 1466 καί

162 1505 289 1580 πόλεως
312 1502 462 1590 φέρεται,
484 1503 662 1590 τριάκοντα
684 1515 742 1590 τῆς
760 1505 902 1590 Καπύης
925 1505 1090 1592 ἀπέχοντα
1109 1508 1184 1574 στά-

162 1610 233 1694 δια,
265 1609 501 1696 Οὐολτοῦρνον
527 1611 648 1696 όυομα,
674 1613 841 1700 τεττάρων
868 1613 930 1680 οὐκ
957 1612 1079 1680 ἐλάττω
1107 1614 1184 1680 πλέ-

161 1723 259 1802 θρων
287 1716 368 1782 ὄντα
395 1718 432 1783 τὸ
460 1717 597 1802 πλάτος,
624 1717 742 1810 ξυλίνη
768 1720 902 1808 γεφύρᾳ
924 1721 1114 1806 διαβάντες,
1140 1723 1184 1806 ἣν

117 1841 142 1884 ιι
162 1821 200 1890 έν
232 1823 327 1910 τρισί.
351 1824 597 1891 κατεσκεύασαν
628 1826 779 1913 ἡμέραις,
811 1825 994 1918 διεξῄεσαν,
1027 1829 1083 1894 ἵνα
1114 1839 1184 1907 τοῖς

160 1929 222 2014 μέν
251 1931 292 1996 τὰ
321 1929 465 2018 σφέτερα
495 1941 663 2018 φρονοῦσι
689 1937 887 2018 Καμπανοίς
915 1935 1044 2020 θάρσος
1072 1935 1117 2013 ὡς
1143 1937 1184 2001 τά

160 2038 318 2124 κράτιστα
349 2038 592 2130 προῃρημένοις
624 2039 811 2126 ἐγγένηται,
847 2050 918 2118 τοῖς
953 2040 992 2107 δὲ
1023 2037 1184 2108 τάναντία

120 2146 141 2211 3
161 2145 244 2225 δέος.
281 2144 336 2212 καί
354 2148 580 2231 προελθόντες
598 2145 749 2214 ἐπέκεινα
766 2158 826 2234 τῆς
843 2149 970 2225 πόλεως
988 2147 1052 2213 ἀπὸ
1073 2171 1184 2214 τεττα-

161 2253 305 2339 ράκοντα
328 2253 474 2319 σταδίων
496 2254 638 2340 Καπύης
661 2255 980 2341 στρατοπεδεύονται
1005 2253 1043 2321 έν
1064 2254 1182 2342 ὑψηλῷ

115 2381 143 2422 ω
160 2363 250 2448 τόπῳ
273 2358 392 2438 θέντες
414 2361 474 2426 τὸν
494 2360 636 2447 χάρακα,
659 2359 746 2428 ἔνθα
767 2360 991 2445 ὑπομένοντες
1013 2363 1071 2439 τὰς
1093 2364 1184 2448 παρὰ

160 2471 339 2532 Σαυνιτῶν
363 2465 486 2552 ἀγοράς
511 2490 547 2532 τε
572 2468 629 2534 καὶ
656 2471 842 2554 συμμαχίας
869 2465 1104 2554 ἐκαραδόκουν.
1150 2470 1184 2534 οί

161 2571 191 2636 δ’
218 2573 282 2658 άρα
314 2571 540 2659 ὑπισχνοῦντο
571 2575 634 2657 μὲν
665 2576 779 2653 αὑτοίς
810 2577 913 2641 πλείω
947 2585 1015 2641 τῶν
1048 2577 1182 2660 ἱκανῶν,

161 2679 329 2766 ἐπήρκουν
356 2678 387 2744 δ’
410 2678 512 2746 οὐδὲν
538 2681 594 2747 ὅτι
616 2683 672 2748 κοιλ
699 2685 802 2768 λόχου
830 2679 935 2767 ἄξιον,
965 2683 1123 2768 στρατιάν
1149 2683 1180 2747 τ’

161 2785 308 2873 ἀγείρειν
345 2785 381 2852 έκ
416 2787 523 2872 πάσης
559 2789 687 2867 πόλεως
727 2791 948 2874 σκηπτόμενοι
987 2788 1183 2874 κατέτριβον

233 3041 247 3088 1
271 3033 321 3088 καὶ
344 3034 403 3105 χείρ
427 3034 488 3090 Εεο.
514 3037 588 3090 teste
609 3035 717 3091 Pedero
741 3035 791 3090 καλ
813 3036 867 3107 χδιρ
890 3038 963 3091 teste
981 3035 1113 3103 Mflller0‚
1132 3037 1182 3104 qui

159 3108 225 3174 post
238 3104 291 3175 γὰρ
305 3105 391 3160 verba
406 3106 543 3161 excidisse
557 3109 653 3162 censet
712 3113 728 3162 2
742 3105 791 3163 ὑπ’
804 3108 897 3163 αὐτῶν
912 3108 973 3162 Εεο.
988 3109 1061 3162 teste
1074 3107 1181 3162 Fodero

159 3177 292 3232 ὑπάντων
314 3179 387 3233 teste
411 3177 543 3244 Mffllem,
565 3179 614 3248 qui
632 3177 766 3234 ἁπάντων
785 3179 899 3248 scripsst
971 3184 1003 3232 11
1024 3179 1181 3250 βασιληνῶν

159 3247 221 3302 Eae.
285 3253 317 3301 13
338 3249 517 3316 ούατουρνῶν
535 3250 597 3304 Εεο.
660 3256 694 3304 15
714 3248 852 3316 διεξίεσαν
870 3251 932 3304 Εεο.
995 3255 1028 3304 23
1049 3248 1181 3318 στρατιάν

158 3339 187 3373 τε
206 3319 260 3390 χδιρ
279 3319 340 3375 Euo.
361 3320 493 3389 στρατιάν
510 3319 537 3375 τ’
554 3319 676 3392 ἀγείρειν
695 3322 786 3377 Κθδοι·
857 3327 891 3376 24
915 3320 946 3375 ἐκ
966 3319 1058 3389 πάσης
1075 3317 1182 3382 πόλεως

160 3391 195 3516 οξ.
204 3389 323 3516 &by
345 3393 410 3447 Aar.
433 3392 529 3463 Progr.
552 3410 581 3462 p.
599 3399 632 3448 23
667 3394 670 3465 λ
704 3395 770 3462 post
793 3389 899 3455 πόλεως
923 3393 1055 3446 lacunam
1079 3390 1182 3446 Mffller

159 3478 204 3516 sa
