2654 3916
564 220 597 228 -
635 192 679 244 ΙΕ
716 217 750 230 ·-
1103 193 1168 258 267

148 319 227 394 τοὺς
249 319 401 402 χρόνους.
448 317 651 400 ἀπογνόντες
674 317 716 400 δὴ
739 327 797 401 της
824 314 956 382 ἐκεῖθεν
979 314 1210 404 έπικουρίας4

148 424 204 489 καί
232 425 290 500 τὰς
319 423 380 506 μὲν
410 421 539 489 ἑαυτῶν
566 423 725 506 δυνάμεις
752 423 895 509 ὁρῶντες
921 423 1028 490 οὐθὲν
1057 425 1171 511 ῖσχύος

148 529 185 596 ἐκ
202 540 263 597 τοῦ
281 532 406 616 χρόνον
425 531 762 616 προσλαμβανοόσας,
784 533 842 608 τάς
861 531 899 596 δὲ
916 542 984 597 τῶν
1003 535 1170 616 πολεμίων

148 648 261 726 μακρῷ
285 639 421 714 πλείους
443 636 656 722 γιγνομένας,
679 635 734 704 ἐπὶ
757 639 797 702 τά
821 635 902 724 ἔργα
924 649 1046 724 χωρεῖν
1068 636 1170 724 ἔγνω-

148 761 221 810 σαν.
266 742 514 828 ἐνθυμούμενοι
542 744 573 809 δ’
595 745 646 810 ὅτι
673 748 759 811 πολὺ
782 755 840 830 τῆς
863 753 1017 831 στρατιάς
1040 743 1110 812 έστι
1132 720 1214 850 τόδὗ

148 850 347 936 δυσάγωγον
369 851 425 916 καί
447 861 519 928 ταῖς
541 849 711 936 ἐπιταγαῖς
733 863 801 918 τῶν
822 853 996 937 ἡγεμόνων
1022 850 1170 938 άπενθές,

147 959 192 1036 ῶς
219 957 257 1024 ἐν
284 959 399 1036 ἀλλαις
426 981 461 1024 τε
488 963 627 1035 πολλαῖς
653 961 783 1043 πείραις
810 957 956 1044 έδηλωσε
978 960 1034 1026 καί
1056 961 1097 1026 τά
1119 983 1170 1026 τε·

148 1071 284 1132 λευταῖα
313 1064 351 1132 έν
380 1074 420 1152 τῇ
451 1069 652 1152 Καμπανικῇ
682 1069 941 1154 παραχειμασίᾳ,
971 1066 1030 1152 ἀφ’
1053 1063 1093 1152 ἧς
1123 1069 1170 1145 είς

147 1173 314 1258 τοσαύτην
337 1169 502 1238 ἀπόνοιαν
524 1169 634 1257 ἦλθον
658 1173 769 1240 αὐτῶν
791 1196 894 1258 τινες,
921 1173 1005 1239 ὥστε
1032 1175 1088 1240 καί
1111 1177 1170 1240 πό-

148 1286 241 1345 λεσιν
264 1278 446 1346 ἐπιθέσθαι
472 1280 528 1345 καί
554 1281 614 1346 τὸν
636 1280 766 1347 ὕπατον
788 1286 981 1347 καταλιπεῖν
1006 1281 1062 1346 καί
1088 1284 1171 1348 κατά
1188 1305 1214 1346 ιο

148 1397 206 1471 τῆς
241 1389 401 1472 πατρίδος
437 1384 523 1452 ὅπλα
558 1384 750 1472 ἀναλαβεῖν,
786 1389 927 1465 τούτους
959 1385 1065 1475 η’ίοντο
1098 1390 1170 1454 δεῖν

148 1505 282 1580 πρῶτον
312 1491 485 1572 ἀποδεῖξαι
515 1495 824 1582 σωφρονεστέρους,
856 1496 1048 1580 δεινότερον
1076 1499 1170 1580 ποιη-

149 1617 266 1678 σαντες
297 1601 411 1679 αὐτοῖς
439 1603 499 1668 τὸν
529 1598 595 1668 ἀπὸ
624 1612 692 1668 τῶν
720 1603 895 1687 ἡγεμόνων
925 1603 1036 1688 φόβον
1063 1601 1082 1688 ἢ
1110 1604 1171 1668 τὸν

149 1705 214 1774 ἀπὸ
237 1719 305 1774 τῶν
327 1711 495 1792 πολεμίων
517 1709 689 1774 κίνδυνον.
730 1717 834 1775 ταῦτα
859 1709 1096 1794 διανοηθέντες
1119 1708 1170 1776 ἐκ·
1188 1711 1209 1776 6

147 1817 288 1900 κλησίαν
320 1826 480 1902 συνῆγον,
516 1816 572 1882 καί
604 1815 692 1900 λέγει
723 1817 887 1894 Μάλλιος·
923 1817 1024 1902 [ζήτει
1055 1815 1094 1884 έν
1124 1829 1170 1906 τῶ
1189 1838 1214 1880 ιι

147 1923 224 2009 περὶ
251 1923 530 2010 στρατηγημάτων
555 1924 611 1990 καί
639 1925 860 2009 δημηγοριῶν.
906 1925 983 2010 περὶ
1007 1933 1068 1990 τοῦ
1091 1927 1169 1991 υἱοῦ

143 2033 304 2097 Μαλλίου
327 2039 388 2097 τοῦ
411 2031 727 2116 μονομαχήσαντος]
773 2031 881 2096 Εεοον.

67 2153 137 2202 2314
219 2137 259 2202 V.
283 2135 333 2225 (4)
358 2137 441 2204 ἀλλά
464 2138 563 2217 (xri)
587 2138 673 2202 διότι
695 2138 775 2213 τοὺς
798 2138 919 2220 φίλους
942 2135 1054 2201 αὐτῶν
1076 2140 1170 2219 Καμ·

146 2246 275 2320 πανοὺς
297 2245 404 2308 πολλὰ
427 2244 483 2308 καί
504 2242 630 2326 μεγάλα
653 2239 828 2325 ἔβλαπτον.
867 2243 887 2326 η
912 2241 950 2307 δὲ
972 2244 1078 2328 βουλὴ
1101 2252 1170 2308 τῶν

143 2347 309 2432 Ῥωμαίων
332 2354 527 2432 Καμπανῶν
549 2349 708 2426 πολλάκις
733 2347 982 2434 ἐμφανιζόντων
1004 2349 1060 2415 καλ
1088 2346 1169 2416 ἀπο·
1187 2373 1214 2414 νο

147 2455 343 2542 δυρομένων
370 2457 496 2536 <κατά>
522 2466 590 2521 τῶν
612 2459 843 2540 Νεαπολιτῶν,
870 2454 1026 2542 πρέσβεις
1049 2455 1169 2544 ἐψηφί-

147 2580 227 2630 σατο
251 2564 335 2650 πρὸς
356 2566 436 2640 τοὺς
457 2565 670 2640 Νεαπολίτας
693 2560 885 2629 ἀποστεῖλαι
908 2565 987 2642 τοὺς
1010 2561 1169 2642 ἀξιώσον-

219 2746 233 2794 1
252 2748 301 2810 τῆς
319 2739 431 2794 ἐκεῖθεν
450 2739 511 2792 Esc.
530 2738 580 2802 τάς
599 2737 711 2793 ἐκεῖθεν
727 2738 870 2810 Kisssh'ng
889 2739 924 2794 ef.
938 2739 1087 2823 Βειιωριιω
1102 2739 1167 2795 Obs.

146 2827 289 2946 &sisi
304 2816 367 2936 ii.
386 2807 667 2944 sisiss’ffflw·
683 2811 1081 2952 ιέλλλίλλδῗάἰὶιῖιῖἓ.
1095 2814 1169 2938 διδ

145 2953 266 3021 Pedere,
281 2954 330 3022 qui
344 2949 435 3025 φόβον
450 2953 582 3020 conexit,
596 2950 689 3024 ψόγον
702 2955 775 3008 teste
789 2953 908 3008 Millero
964 2959 998 3007 14
1016 2951 1167 3026 πολεμίων]

145 3022 254 3080 πόλεων
272 3025 334 3080 Εεο.
353 3022 480 3094 πολέμων
498 3025 601 3080 Miiller
619 3025 654 3080 cf.
669 3024 765 3096 Tegge
780 3025 892 3090 Quassi.
912 3042 939 3094 p.
955 3030 989 3078 29
1045 3031 1079 3080 16
1097 3025 1168 3094 ὑπὲρ

145 3105 195 3151 τοῦ
215 3095 291 3168 [νίοῶ
304 3097 366 3168 τοῦ]
385 3095 495 3152 θπάτου
508 3093 638 3152 Μαλλίου
652 3096 754 3150 Miiller
809 3101 842 3150 18
862 3095 932 3151 ἀλλά
950 3113 1004 3151 om.
1019 3096 1055 3150 de
1069 3096 1143 3152 Boor
1162 3097 1166 3170 4

146 3168 195 3222 καὶ
215 3183 268 3222 om.
283 3167 309 3221 V
328 3167 392 3223 add.
412 3167 530 3222 Ursinus
585 3174 618 3222 21
637 3167 711 3222 κατὰ
730 3168 794 3222 αδδ.
814 3166 932 3222 Ursinus
985 3173 1027 3222 21.
1043 3173 1077 3222 22
1091 3173 1168 3223 Νεα-

145 3241 267 3312 πρλιτῶν
281 3239 443 3294 ἀποστεῖλαι
452 3239 478 3293 V
491 3245 529 3296 N.
544 3236 685 3294 ἀπέστειλε
699 3239 817 3294 Ursinus
832 3239 957 3308 scripsit,
973 3239 1022 3294 ssd
1037 3256 1101 3294 cum
1114 3239 1168 3293 ER

146 3308 318 3380 ἐψηφίσατο,
344 3312 431 3366 ceteri
453 3312 514 3366 cod.
534 3311 683 3380 ἐποιήσατο
705 3309 874 3380 praebeant,
900 3310 1043 3382 Kisssh‘ng
1060 3312 1091 3366 in
1108 3313 1168 3364 tex-

145 3385 207 3436 tum
230 3383 423 3452 recipiendum
446 3399 507 3438 esse
525 3387 573 3452 Ν,
590 3380 719 3454 πρέσβεις
737 3380 896 3454 ἐψηφίσατο
914 3379 986 3450 πρὸς
1002 3403 1025 3436 π.
1040 3387 1078 3438 Ν.
1097 3382 1168 3436 ἀπο-

147 3457 263 3524 στεῖλαι,
282 3470 355 3524 ηαοε
373 3453 459 3510 verbs
478 3455 513 3510 ds
532 3455 605 3510 Boor
622 3455 737 3524 recepit.
769 3454 838 3508 Posi
856 3456 1039 3508 Νεαπολιτῶν
1057 3453 1169 3508 vidsiur
