2656 3932
537 248 571 258 ·-
608 221 648 272 IA
686 247 720 258 -·
1076 221 1138 288 157

118 345 213 424 μόλις
240 343 362 422 αὐτοὺς
390 343 607 428 ἀποφύγοιεν.
657 344 713 410 καί
742 342 884 410 ἐδόκουν
911 345 1014 411 άπασι
1041 349 1140 412 πιστὰ

118 449 237 532 λέγειν.
275 449 314 515 ού
333 453 399 536 μῆν
418 449 523 517 ἔλαθέ
538 446 570 534 γ’
584 446 696 516 αὐτῶν
719 452 756 516 τὸ
780 447 891 537 ἔργον,
915 449 1000 519 ἀλλά
1022 455 1140 538 καίπερ

118 553 155 620 ἐν
183 554 302 645 ἐρημίᾳ
328 567 388 624 τοῦ
417 561 527 643 φόνου
554 559 731 641 γεγονότος
758 558 814 623 καί
841 558 967 643 μηδένα
990 563 1140 645 μηνυτὴν

117 659 251 748 ἔχοντος
282 663 349 731 ὑπὸ
379 673 439 730 τοῦ
469 666 577 751 χρεὼν
606 664 710 730 αὐτοῦ
739 665 795 730 καί
824 675 882 750 τῆς
911 667 1041 732 ἅπαντα
1071 665 1140 732 ἐπι-
1246 657 1250 666 ’

117 771 307 856 σκοπούσης
337 773 378 838 τά
409 774 520 857 θνητά
551 771 725 858 πράγματα
762 772 856 856 δίκης
892 771 1140 859 ἐξηλέγχθησαν
1171 795 1184 836 ε

116 881 304 964 τεκμηρίοις
323 875 635 964 ἀναμφισβητήτως.
674 879 707 944 ολ
724 879 788 963 γάρ
807 877 845 944 ἐν
862 890 908 966 τῷ
928 880 1139 970 στρατοπέδῳ
1158 881 1179 946 2

43 1069 47 1078 ¹
116 995 224 1070 ταφῆς
255 1009 290 1050 τε
323 985 483 1070 δημοσίας
515 983 609 1062 ἀξιον
639 985 820 1069 ἡγούμενοι
851 988 912 1052 τὸν
944 988 1052 1073 άνδρα
1084 989 1139 1054 καί

116 1102 226 1174 τιμαῖς
257 1094 347 1177 παρὰ
378 1094 457 1169 τοὺς
489 1093 612 1170 ἄλλους
644 1092 826 1178 διαφόρου,
859 1094 915 1158 διά
943 1096 1051 1160 πολλά
1078 1095 1139 1179 μὲν

29 1199 172 1264 εεεεκαλ
200 1199 298 1282 άλλα,
325 1199 465 1282 μάλιστα
494 1198 525 1263 δ’
547 1200 598 1265 ὅτι
624 1200 813 1284 πρεσβύτης
842 1201 890 1266 δον
912 1201 967 1266 καλ
992 1201 1058 1267 ὑπὸ
1081 1211 1140 1286 τῆς

114 1307 245 1390 ἡλικίας
272 1310 460 1388 πολεμικῶν
484 1305 624 1391 ἀγώνων
648 1303 876 1390 ἀπολυόμενος
903 1310 951 1387 είς
976 1309 1139 1376 κίνδυνον
1157 1331 1183 1370 ιο

116 1410 272 1478 ἑκούσιον
295 1409 419 1478 ἔδωκεν
442 1412 546 1479 αὑτὸν
572 1413 658 1498 ὑπὲρ
686 1422 745 1480 τοῦ
773 1425 869 1501 κοινῆ
898 1415 1138 1501 συμφέροντος,

114 1521 316 1604 ψηφίζονται
339 1522 563 1597 συνελθόντες
586 1522 633 1598 είς
656 1521 694 1586 ἐν
718 1517 783 1586 ἀπὸ
806 1533 874 1588 τῶν
897 1534 1000 1608 τριῶν
1017 1522 1138 1607 ταγμά-
1161 1511 1164 1516 ’

115 1650 184 1692 των
202 1624 353 1704 ἐξελθεῖν
371 1625 425 1692 ἐπί
443 1629 505 1711 τῆν
524 1624 697 1713 ἀναίρεσιν
715 1637 775 1694 τοῦ
795 1629 959 1713 σώματος,
983 1630 1038 1695 ἵνα
1058 1631 1138 1713 μετά

114 1739 240 1818 πολλῆς
270 1733 451 1818 ἀσφαλείας
480 1757 516 1800 τε
545 1734 602 1800 καί
630 1745 725 1820 τιμῆς
754 1733 810 1804 ἐπὶ
836 1737 898 1821 τῆν
925 1738 1138 1823 παρεμβολὴν

115 1842 390 1926 παρακομισθείη.
432 1842 722 1928 συγχωρησάντων
743 1843 781 1908 δὲ
802 1854 870 1908 τῶν
892 1845 1067 1928 ῆγεμόνων
1089 1841 1133 1908 δι’
1157 1864 1182 1906 ιι

115 1946 303 2030 εὐλάβειαν,
333 1951 376 2032 μῆ
406 1970 481 2013 τινα
510 1949 714 2034 παράσχοιεν
743 1950 857 2028 αὐτοῖς
884 1950 1034 2029 ὑποψίαν
1061 1951 1138 2036 περὶ

114 2057 152 2120 τὸ
180 2061 314 2140 πρᾶγμα
341 2051 520 2141 ἐπιβουλῆς
547 2061 637 2144 καλῷ
667 2056 722 2121 καλ
750 2060 952 2142 προσήκοντι
975 2055 1060 2144 ἔργον
1084 2055 1137 2122 ἐν-

115 2161 299 2245 ιστάμενοι,
318 2163 476 2245 λαβόντες
498 2165 539 2228 τά
562 2163 647 2228 ὅπλα
670 2160 816 2252 ἐξῄεσαν.
853 2161 1011 2240 ἐλθόντες
1033 2160 1064 2227 δ’
1082 2161 1137 2228 ἐπί
1155 2163 1176 2228 3

113 2271 174 2336 τὸν
192 2270 297 2334 τόπον
315 2269 359 2346 ὡς
382 2263 474 2335 είδόν
493 2270 570 2334 ούτε
594 2270 742 2355 δρυμοὺς
765 2269 841 2334 ούτε
865 2270 1039 2356 φάραγγας
1061 2266 1132 2335 οὔτ’

114 2378 195 2442 ἀλλο
218 2377 353 2462 χωρίον,
372 2373 458 2442 ἔνθα
475 2376 692 2454 ύποκαθίζειν
711 2374 781 2441 ἐστὶ
800 2379 919 2462 λόχους
938 2373 1033 2460 ἔθος,
1052 2373 1136 2444 ἀλλὰ
1154 2398 1181 2439 ιο

113 2485 215 2562 ψιλὸν
241 2483 297 2552 καί
324 2494 491 2568 περιφανῆ
520 2483 575 2548 καὶ
603 2485 808 2569 στενόπορον
837 2485 955 2568 όχθον,
986 2483 1030 2548 δι’
1053 2484 1136 2549 ὑπο-

113 2592 192 2669 ψίας
220 2587 343 2673 ἔλαβον
366 2589 493 2667 εὐθέως
519 2592 557 2655 τὸ
585 2591 750 2676 πραχθέν·
779 2587 891 2656 ἔπειτα
913 2601 983 2668 τοῖς
1005 2602 1136 2678 νεκροῖς
1221 2577 1223 2586 ’

113 2699 359 2781 προσελθόντες
396 2697 440 2774 δις
476 2695 658 2764 ἐθεάσαντο
695 2701 755 2764 τόν
791 2722 826 2764 τε
855 2700 996 2764 Σίκκιον
1032 2699 1135 2764 αὐτὸν

115 2799 320 2870 ἀσκύλευτον
345 2802 544 2890 ἐρριμμένον
571 2805 626 2870 καὶ
653 2807 732 2882 τοὺς
759 2807 882 2882 ἄλλους
909 2806 1070 2888 ἅπαντας,
1098 2805 1135 2871 ἐν

187 3000 202 3048 6
221 3002 258 3050 τῶ
274 2997 296 3052 O
315 3013 369 3052 om.
383 2997 535 3066 praeterV
600 3003 616 3052 8
634 3007 728 3066 τιμαῖς
746 2999 768 3052 Ο
787 3007 866 3068 τιμῆς
884 2997 1027 3084 Kiessling
1048 2998 1050 3068 λ
1072 3000 1134 3052 δια-

114 3051 267 3134 φόρουΙάΤ
281 3065 431 3137 διαφόροις
445 3069 475 3122 Μ
521 3075 553 3122 11
574 3066 696 3124 αύτδνΙε
716 3067 856 3124 ἑαυτδνΒ
901 3075 933 3123 13
953 3069 1133 3136 ἀναιρεσινΙι

113 3138 259 3205 ἀνεύρεσιν
272 3141 298 3194 R
355 3146 388 3194 17
408 3148 523 3212 πρᾶγμα
537 3139 583 3194 ἐπί
598 3137 691 3209 μόνον
711 3138 750 3194 δι’
767 3141 914 3212 εὐλάβειαν
930 3141 1065 3212 βουλῆςΙι
1085 3141 1133 3195 sed

976 3225 986 3252 Ε

957 3222 975 3252 n
1003 3226 1010 3252 t

91 3305 93 3310 .
111 3261 200 3318 verba
218 3260 311 3332 μόνων
329 3263 368 3320 δι’
385 3264 532 3336 εύλάβειαν
552 3265 606 3319 del.
620 3265 665 3318 La
684 3266 748 3333 περὶ
766 3263 797 3320 τὸ
816 3273 930 3335 πρᾶγμα
947 3223 1094 3335 ἐπιρβουλῆς
1108 3265 1134 3318 V

111 3343 161 3404 τῆς
183 3335 248 3403 περὶ
270 3333 301 3390 τὸ
322 3344 437 3406 πρᾶγμα
456 3335 603 3408 ἐπιβουλῆς
620 3336 724 3390 Reiske
798 3341 830 3390 19
851 3337 887 3398 ὡς
905 3331 984 3390 εἶδόν
1002 3357 1030 3391 τε
1050 3338 1133 3391 ούδα·

111 3414 165 3476 μού
180 3405 210 3460 Μ
263 3412 297 3461 20
315 3405 501 3472 ἐπικαθίζειν
515 3407 572 3462 ἐστὶ
586 3405 685 3478 λόχους
702 3407 748 3462 vel
765 3405 994 3472 ύποκαθίζεσθαι
1013 3426 1035 3462 ο.
1051 3409 1133 3462 Gras-

111 3477 213 3548 berger
231 3477 308 3534 Τεεε.
326 3478 443 3548 Herbip.
462 3497 489 3548 p.
505 3485 539 3534 36
559 3479 593 3533 cf.
613 3479 694 3534 Dion.
713 3479 777 3532 Ηο1.
797 3477 835 3532 IX
849 3485 919 3546 56,4
