2656 3932
143 191 188 261 86
573 197 729 246 -ι-

139 318 306 402 Ῥωμαίων
333 318 463 405 φάλαγξ
490 320 556 403 ἅμα
582 329 652 396 τοίς
678 317 817 396 ὑπάτοις
844 318 909 386 ἀπὸ
938 329 996 404 τῆς
1023 317 1165 398 διώξεως

144 427 348 511 ἀνέστρεφεν
370 425 425 493 έπί
447 428 508 492 τὸν
530 425 649 510 ἑαυτῆς
671 425 806 511 χάρακα.

214 532 409 600 XXXXVH.
433 533 547 600 Μέσαι
568 532 596 598 τ’
613 533 677 616 ἤδη
700 532 818 610 νύκτες
840 528 937 617 ἦσαν,
964 533 1020 598 καί
1043 532 1061 599 ὁ
1085 535 1165 600 Σίκ-

143 665 214 718 κιος
246 651 458 725 μνησικακῶν
489 649 559 718 τοῖς
590 639 729 716 ὑπάτοις
760 649 818 724 τῆς
845 637 901 706 έπλ
927 641 987 706 τὸν
1014 639 1165 706 θάνατον

114 747 329 832 ιάποστολης
361 748 409 824 εἰς
439 755 524 814 νοῦν
555 746 711 830 βάλλεται
742 748 804 831 την
840 745 943 824 δόξαν
980 745 1166 832 ἀφελέσθαι

144 864 204 921 τοῦ
227 854 492 939 κατορθώματος.
538 853 782 935 κοινωσάμενος
804 853 843 919 δὲ
864 863 935 930 τοῖς
961 850 1044 938 ἀμφ’
1063 853 1166 920 αὑτὸν

143 963 187 1046 ἣν
214 955 281 1046 είχε
308 960 472 1044 διάνοιαν,
500 958 613 1045 ἐπειδὴ
640 968 744 1026 πᾶσιν
772 960 884 1047 ὀρθῶς
911 959 1081 1046 ἐφαίνετο,
1110 961 1167 1026 καί

145 1069 261 1145 οὐθεὶς
283 1063 326 1152 ἦν
349 1066 386 1144 ὃς
408 1066 470 1133 οὑκ
492 1065 658 1150 ἐθαύμαζε
679 1077 738 1152 τῆς
761 1090 796 1134 τε
819 1071 1013 1153 φρονήσεως
1035 1067 1167 1152 καὶτῆς

145 1178 265 1259 τόλμης
292 1175 353 1240 τὸν
380 1175 503 1258 ἄνδρα,
533 1174 646 1257 λαβὼν
673 1175 713 1239 τά
743 1174 830 1242 ὅπλα
856 1175 912 1240 καὶ
938 1177 1018 1252 τούς
1045 1175 1167 1251 ἀλλους

101 1303 127 1343 ιο
144 1282 302 1358 κελεύσας
324 1278 517 1364 ἀναλαβεῖν,
539 1291 674 1366 πρῶτον
696 1281 758 1363 μὲν
780 1281 984 1367 ἀνθρώπους
1007 1282 1108 1359 ὅσους
1130 1279 1167 1348 ε’ν

144 1401 189 1476 τῶ
226 1389 345 1476 χάρακι
381 1387 539 1470 κατέλαβε
575 1399 644 1454 τῶν
675 1390 834 1454 Αἰκανῶν
869 1390 926 1454 καί
956 1389 1081 1466 ἵππους
1111 1389 1167 1454 καί

145 1492 248 1562 τᾶλλα
274 1494 437 1579 ὑποζύγια
463 1492 657 1574 κατέκοψεν·
688 1492 800 1562 έπειτα
826 1496 940 1582 ὑφῆψε
963 1497 1021 1572 τὰς
1044 1497 1167 1579 σκηνὰς

145 1600 259 1668 ὅπλων
291 1625 326 1667 τε
358 1602 414 1667 καὶ
446 1603 541 1667 σίτου
572 1602 628 1667 καί
660 1600 802 1688 ἐσθῆτος
837 1604 894 1669 καί
929 1614 997 1669 τῶν
1030 1603 1077 1680 είς
1108 1603 1168 1667 τὸν

145 1711 291 1792 πόλεμον
321 1707 517 1792 ἐπιτηδείων
546 1710 711 1792 γεμούσας
740 1721 808 1776 τῶν
837 1732 873 1775 τε
902 1711 1014 1776 ἀλλων
1044 1709 1168 1794 χρημά-

102 1837 127 1878 ιι
144 1839 223 1899 των,
253 1809 301 1880 ὧν
331 1813 368 1881 έκ
396 1823 455 1898 τῆς
489 1815 691 1882 Ῥυσκλάνων
720 1818 809 1894 λείας
839 1815 1002 1901 ἐπήγοντο
1034 1820 1168 1882 πολλῶν

106 1924 127 1988 2
145 1922 235 1989 πάνυ
259 1922 377 1988 όντων.
422 1921 467 1999 ὡς
490 1917 521 1986 δ’
539 1922 669 1988 ἅπαντα
692 1921 758 1988 ὑπὸ
781 1932 841 1989 τοῦ
864 1924 971 2010 πυρὸς
992 1923 1168 2008 ἠφάνιστο,

146 2031 222 2115 περὶ
245 2031 305 2096 τὸν
327 2029 458 2115 ὄρθρον
481 2027 579 2120 ἀπῄει
602 2029 715 2114 φέρων
736 2026 843 2096 ούθδν
865 2027 918 2095 ὅτι
941 2032 985 2114 μὴ
1008 2032 1049 2096 τὰ
1071 2027 1168 2114 ὅπλα,
1178 2047 1251 2098 211⁷

146 2137 201 2203 καί
226 2136 387 2213 διανύσας
409 2136 541 2222 σπουδῇ
564 2137 626 2220 την
648 2135 731 2202 ὁδὸν
753 2137 801 2213 είς
819 2134 944 2220 Ῥώμην
966 2146 1086 2224 παρῆν.
1124 2138 1169 2215 ώς

147 2242 177 2309 δ’
196 2245 365 2329 ώφθησαν
387 2245 564 2330 ἄνθρωποι
590 2241 861 2326 καθωπλισμένοι
883 2243 1111 2322 παιανίζοντές
1133 2267 1169 2310 τε

103 2372 129 2412 ιο
145 2351 202 2417 καί
243 2353 373 2437 σπονδῇ
415 2359 602 2436 χωροῦντες
643 2351 754 2434 αἵματι
794 2354 907 2439 πολλῶ
950 2349 1168 2437 πεφυρμένοι,

146 2457 271 2542 δρόμος
286 2455 425 2540 ’ἐγίνετο
452 2459 508 2524 καλ
535 2459 641 2542 πολλὴ
667 2459 841 2543 προθυμία
862 2468 931 2524 τῶν
953 2457 1169 2541 βουλομένων

108 2563 235 2629 3ῑδεῑν
266 2560 295 2627 τ’
323 2561 443 2641 αὑτοὺς
475 2565 531 2629 καὶ
561 2566 602 2629 τά
633 2563 827 2650 πραχθέντα
858 2564 1007 2630 ἀκοῦσαι.
1063 2566 1096 2630 οί
1132 2565 1170 2632 δὲ

145 2669 262 2754 μέχρις
291 2668 415 2756 ἀγορᾶς
441 2667 599 2747 ἐλθόντες
626 2669 797 2754 ἐδήλωσαν
824 2681 894 2748 τοῖς
923 2671 1103 2758 δημάρχοις
1129 2674 1169 2738 τά

147 2779 326 2862 γενόμενα,
355 2775 502 2844 κάκεῖνοι
532 2778 777 2860 συναγαγόντες
806 2776 983 2862 ἐκκλησίαν
1015 2777 1169 2846 ἐκέλευον

104 2905 130 2945 ει
147 2883 270 2962 αὑτούς
291 2884 380 2969 ’πρὸς
403 2883 554 2961 ,ἅπαντας
581 2881 698 2966 λέγειν.
744 2884 846 2969 όχλου
874 2885 912 2950 δέ
938 2890 1065 2952 πολλοῦ
1089 2901 1170 2951 συν-

221 3030 235 3076 1
251 3020 308 3078 ἀπὸ
322 3040 376 3078 om.
386 3023 439 3077 AB
454 3021 485 3076 ἐκ
498 3027 548 3091 τῆς
561 3022 681 3088 διώξεως
695 3039 718 3077 ο,
729 3022 838 3092 Kayser
850 3025 923 3078 Ann.
938 3024 1007 3094 phil.
1022 3029 1100 3090 1870,
1116 3031 1168 3078 723

149 3101 166 3149 θ
184 3092 312 3167 μέσ<αι>
327 3093 374 3148 Bb
421 3101 436 3150 7
451 3093 546 3162 ὀρθῶς
559 3093 646 3148 om.B
669 3094 681 3220 ρ
693 3092 824 3163 ἐφαίνετο
839 3096 1042 3166 βεβουλεῦσθαι
1055 3096 1168 3160 Reiske.

148 3165 243 3234 ὀρθῶς
262 3165 335 3236 ἔχειν
354 3163 485 3235 έφαίνετο
505 3181 527 3219 ο.
542 3165 651 3234 Kayser
682 3165 721 3221 .l.
774 3171 807 3220 10
826 3166 876 3236 μέν
895 3183 948 3223 om.
963 3168 1016 3222 AB
1066 3174 1099 3222 16
1118 3167 1168 3222 *δέ

148 3237 261 3292 ἅπαντα
275 3237 327 3291 ΑΒ
346 3237 377 3292 δὲ
395 3236 490 3292 πάντα
507 3235 650 3306 Kiessling
701 3241 733 3292 19
752 3235 1010 3307 καθοπλισμένοιΒ
1061 3245 1096 3294 20
1114 3259 1168 3309 χω-

150 3315 270 3377 ροῦντες
284 3308 333 3364 καί
356 3306 454 3375 αἵματι
471 3307 681 3378 Kiesslingiana
700 3308 801 3374 θόὶδίο,
821 3309 870 3364 sed
888 3310 963 3364 unde
982 3309 1031 3364 καί
1050 3313 1112 3364 orta
1131 3311 1168 3364 sit

149 3380 243 3436 nescio
311 3383 345 3432 23
364 3376 506 3452 μέχρκς)
525 3378 572 3432 Bb
642 3385 677 3433 24
696 3376 900 3449 συναγαγόντες
918 3380 959 3442 είς
977 3379 1167 3450 έκκλησίανΒ

149 3449 198 3506 τὸν
218 3453 306 3520 δῆμον
326 3449 488 3504 addendum
507 3466 567 3505 εεεο
586 3466 609 3506 ο.
624 3449 768 3520 Kiessling
