2668 3922
163 203 226 269 186
580 229 613 239 -
651 201 691 252 IA
727 229 762 241 ·-

160 326 369 393 ἀποκτείνειν
401 322 502 390 ἔδωκε
534 334 604 402 τοῖς
634 325 795 408 ἡγεμόσιν
826 322 982 407 ἐξουσίαν
1012 326 1091 400 τοὺς
1122 323 1185 389 ἀπ-

120 432 386 516 mammas-fi
414 434 455 498 τά
482 441 600 516 σημεῖα
626 433 868 508 καταλιπόντας
897 431 1050 514 ἀκρίτως·
1080 440 1184 496 ταῦτα

160 543 202 625 δὴ
226 539 272 605 δι’
287 540 462 623 εὐλαβείας
484 539 607 616 αὐτοὺς
630 535 766 622 ἔχοντας
789 537 879 623 ὁρῶν
900 538 1097 622 Οὐεργίνιος
1116 536 1185 603 ἐδί-

160 649 294 731 δασκεν,
317 647 369 712 δτι
391 646 530 712 λέλυκεν
551 645 662 710 αὐτῶν
684 647 745 709 τὸν
768 644 907 730 όρκονὸ
930 647 1047 728 νόμος,
1069 643 1183 729 ἐπειδὴ

130 756 251 842 ενόμηι
270 753 331 836 μὲν
351 753 594 839 ἀποδειχθέντα
617 752 670 817 δελ
691 753 752 817 τὸν
770 753 957 838 στρατηγὸν
979 753 1094 836 άρχειν
1116 762 1184 817 τῶν

160 861 347 943 δυνάμεων,
374 861 394 944 ἡ
423 860 462 926 δὲ
483 871 552 927 τῶν
575 859 655 925 δέκα
679 859 813 943 ἀνδρῶν
836 857 971 937 ἐξουσία
993 858 1184 944 παράνομος

159 965 203 1052 ἦν
237 967 473 1053 ὑπερβαλοῦσα
509 968 569 1032 τὸν
603 965 775 1032 ἐνιαύσιον
806 968 941 1051 χρόνον,
975 967 1023 1043 εἰς
1054 965 1096 1030 ὃν
1122 963 1184 1029 ἀπ-

160 1075 306 1159 εδείχθη.
344 1075 382 1139 τὸ
406 1074 444 1140 δὲ
466 1083 536 1151 τοῖς
558 1075 602 1158 μὴ
625 1074 708 1138 κατά
730 1075 837 1156 νόμον
859 1074 1001 1158 άρχουσι
1018 1082 1127 1137 ποιεῖν
1145 1073 1183 1137 τὸ

160 1184 380 1265 κελευόμενον
404 1180 466 1246 οὐκ
489 1180 684 1247 εὐπείθειαν
708 1175 794 1246 εἰναι
816 1180 873 1245 καί
895 1179 1080 1262 εὐσέβειαν,
1107 1175 1179 1243 ἀλλ’

116 1264 280 1392 ἓάνοιαν
302 1289 358 1354 καί
380 1289 512 1370 μανίαν.
555 1284 647 1353 ταῦτ’
666 1287 868 1364 ἀκούσαντες
890 1286 1003 1371 ὀρθῶς
1025 1285 1184 1370 λέγεσθαι

162 1396 341 1480 ἡγούμενοι
358 1395 414 1460 καί
437 1396 742 1480 παρακελευόμενοί
761 1417 796 1459 τε
819 1391 975 1479 ἀλληλοις
996 1393 1055 1458 καί
1074 1415 1107 1457 τι
1128 1392 1185 1458 καί

160 1503 289 1589 θάρσος
312 1501 348 1568 ἐκ
371 1509 431 1567 τοῦ
455 1502 631 1584 δαιμονίου
656 1503 816 1584 λαβόντες
838 1500 990 1586 αἴρονται
1007 1501 1048 1564 τὰ
1067 1509 1185 1584 σημεῖα
1267 1584 1272 1592 Ι

161 1611 216 1675 καί
239 1619 390 1694 προῆγον
412 1606 449 1674 ἐκ
471 1617 531 1673 τοῦ
554 1609 705 1694 χάρακος.
752 1605 890 1691 ἔμελλον
916 1607 961 1691 δ’,
988 1607 1070 1691 ὅπερ
1098 1607 1186 1684 εἰκὸς

161 1715 199 1782 ἐν
222 1717 386 1792 ποικίλοις
408 1714 437 1779 τ’
453 1717 555 1799 ἤθεσι
576 1716 632 1780 καί
656 1715 717 1800 οὐχ
741 1716 844 1780 ἀπασι
866 1717 907 1780 τὰ
929 1713 1087 1800 κράτιστα
1114 1714 1185 1778 δια·
1325 1761 1326 1832 η

117 1843 142 1884 ιι
161 1822 373 1905 νοουμένοις,
395 1819 536 1888 ἔσεσθαί
551 1845 640 1900 τινες
658 1824 691 1888 ολ
709 1821 866 1905 μένοντες
885 1821 951 1904 ἀμα
966 1829 1036 1898 τοῖς
1053 1819 1185 1904 ὀλιγάρ-
1325 1833 1326 1927 γ

162 1952 235 2013 χαις
253 1929 309 1994 καί
328 1940 524 2014 στρατιῶται
542 1929 598 1994 καί
621 1932 772 2014 λοχαγοί,
794 1930 883 2014 πλὴν
906 1928 946 1994 οὐ
970 1937 1124 1994 τοσοῦτοι
1146 1929 1184 1993 τὸ

76 2034 142 2130 Ἆῤ
161 2040 307 2120 πλῆθος,
336 2035 408 2102 ἀλλ’
425 2033 582 2128 ἐλάττους
604 2038 694 2121 παρὰ
716 2038 803 2101 πολὺ
826 2047 894 2101 τῶν
917 2033 1048 2121 ἑτέρων.
1094 2035 1127 2100 οἰ
1150 2030 1180 2099 δ’
1194 2050 1264 2100 εεοε

162 2141 355 2222 ἐξελθόντες
382 2141 419 2209 ἐκ
446 2153 507 2209 τοῦ
535 2142 762 2228 στρατοπέδου
790 2142 835 2208 δι’
858 2143 936 2226 όλης
962 2141 1085 2226 ἡμέρας
1115 2139 1185 2206 ἐπι-

161 2249 385 2334 πορενθέντες
415 2249 556 2334 ἑσπέρας
585 2251 836 2334 καταλαβούσης
865 2258 1019 2335 παρῆσαν
1049 2249 1096 2326 εἰς
1123 2250 1185 2333 την

117 2375 143 2416 ιο
161 2359 261 2422 πόλιν
291 2357 430 2434 οὐδενὸς
458 2355 708 2441 ἐξαγγείλαντος
736 2358 847 2423 αὐτῶν
873 2357 936 2440 τὴν
963 2352 1100 2440 ἔφοδον,
1129 2355 1185 2420 καί

162 2462 388 2547 συνετάραξαν
406 2465 485 2540 τοὺς
503 2461 603 2529 ἔνδον
620 2465 660 2530 οὐ
679 2467 820 2551 μετρίως
837 2462 997 2546 πολέμιον
1010 2462 1185 2546 οἰομένους

162 2570 305 2652 στρατὸν
324 2569 588 2654 εἰσεληλυθέναι·
612 2575 742 2656 κραυγή
764 2594 799 2638 ιε
822 2571 878 2636 καί
901 2570 1024 2655 δρόμος
1047 2569 1186 2645 ἀτακτος

162 2674 226 2740 ἀνά
249 2676 311 2760 την
333 2677 433 2741 πόλιν
455 2673 507 2760 ἦν.
551 2678 592 2743 οὐ
615 2678 681 2761 μὴν
704 2676 760 2743 ἐπί
782 2677 891 2743 πολύν
914 2699 952 2760 γε
975 2674 1141 2758 διέμεινεν
1162 2675 1183 2758 ἡ

162 2783 286 2867 ταραχὴ
318 2784 454 2868 χρόνον,
491 2784 575 2849 ὥστε
606 2785 709 2849 κακόν
740 2808 772 2849 τι
804 2783 966 2868 γενέσθαι
997 2777 1041 2847 δι’
1070 2781 1184 2866 αὐτήν.

117 2907 142 2948 ει
162 2887 340 2968 διεξιόντες
368 2891 433 2973 γάρ
460 2893 539 2968 ιούς
571 2895 761 2968 στενωποὺς
792 2889 910 2974 ἐβόων,
943 2891 994 2956 ὅτι
1027 2891 1122 2974 φίλοι
1153 2887 1181 2954 τ’

162 2996 227 3062 εἰσί
254 2997 310 3062 καί
337 2993 388 3062 ἐπ’
407 2997 524 3084 ἀγαθῷ
552 3007 610 3082 τῆς
633 3001 759 3075 πόλεως
782 2997 1034 3082 εἰσεληλύθασι,
1061 2997 1117 3062 καί
1144 2995 1185 3061 τά

162 3099 243 3188 ἐργα
266 3104 363 3186 ὅμοια
386 3106 583 3190 παρείχοντο
607 3115 677 3183 τοῖς
700 3107 813 3189 λόγοις
836 3104 1029 3180 ἀδικοῦντες
1052 3102 1184 3169 οὐδένα.

234 3249 250 3299 2
269 3243 401 3313 ἀκρίτους
420 3244 508 3301 Cobet
526 3245 591 3300 obs.
610 3264 638 3316 p.
654 3252 704 3301 211
772 3252 803 3300 11
823 3245 974 3315 ἡγεόμενοι
991 3243 1041 3298 καί
1060 3260 1113 3298 om.
1128 3242 1185 3297 VM

163 3323 196 3372 14
221 3315 314 3388 ἤθεσι]
340 3317 461 3385 πλήθεσι
484 3334 507 3372 ο.
526 3317 669 3388 Kiessling
743 3323 776 3372 16
796 3316 952 3372 τοοοῦτοΙι
1027 3319 1060 3368 18
1083 3333 1185 3382 πορεν·

161 3385 261 3449 θέντες
283 3403 306 3442 ο.
325 3387 448 3442 Βείελεο
509 3395 542 3442 27
567 3389 650 3444 οὐδὲν
674 3385 842 3457 ἀφικόμενοι
861 3388 884 3443 0
907 3383 1011 3442 οὐδένα
1031 3385 1114 3440 οὐδὲν
1133 3386 1183 3454 ἀφ.

161 3457 265 3513 Reiske
285 3455 389 3512 οὐδένα
408 3457 576 3530 ἀφικόμενοι
594 3460 737 3530 Kiessling
