2668 3922
574 248 608 259 -
645 221 685 272 ῙΒ
724 249 757 257 -
1109 220 1175 284 223

155 345 354 431 μονωθέντα
380 355 438 430 τής
461 351 612 431 φυλακῆς
635 341 747 428 ἔλαβε,
775 345 998 429 γυμνώσαντα
1019 345 1057 410 τὸ
1081 342 1177 430 ξίφος

156 454 261 538 βάψαι
290 443 372 519 κατά
401 463 459 538 τής
489 463 631 538 σφαγῆς·
662 460 761 528 τοῦτο
794 451 832 517 δέ
863 451 1033 538 πράξαντα
1049 500 1051 505 -
1065 452 1177 538 δρόμφ

156 569 277 646 χωρεῖν
309 561 356 636 εἰς
387 561 424 624 τὸ
457 563 698 646 βουλευτήριον
730 555 778 623 έτι
813 559 1078 644 συγκαθημένων
1109 570 1178 624 τῶν

157 667 342 753 συνέδρων,
365 663 483 752 ἔχοντα
501 668 538 732 τὸ
561 665 659 752 ξίφος
680 664 873 756 ᾑμαγμένον
890 669 1073 752 κεκραγότα
1094 667 1178 751 πρὸς

156 777 236 852 τοὺς
263 775 460 858 διώκοντας,
488 775 539 840 ὅτι
567 773 762 851 κελευσθείς
788 772 855 839 ὑπὸ
884 784 942 858 τής
969 777 1093 857 βουλῆς
1121 772 1179 839 άν-
1211 793 1223 833 ι

156 882 258 972 ήρηκε
287 883 347 947 τὸν
376 881 553 968 τύραννον.
600 880 806 957 ἀκούσαντας
836 879 874 945 δὲ
903 881 940 946 τὸ
970 890 1028 966 τής
1055 879 1218 964 βονλήςθ

157 989 263 1071 όνομα
291 991 370 1080 τοὺς
402 989 594 1074 ὡρμηκότας
623 989 735 1053 παίειν
762 1009 798 1052 τε
826 987 882 1052 καί
911 987 1048 1070 βάλλειν
1075 987 1179 1053 αὐτὸν

158 1095 411 1182 ἀποτραπέσθαι
437 1095 493 1160 καί
520 1094 625 1179 μηδὲν
652 1095 700 1172 εἰς
716 1093 831 1160 αὐτὸν
857 1105 1098 1180 παρανομῆσαι.
1143 1092 1180 1160 όκ

158 1204 279 1269 τούτου
309 1203 366 1268 καί
394 1204 456 1287 τήν
485 1199 678 1284 ἐπωνυμίαν
708 1201 768 1266 τὸν
789 1198 894 1266 ’Ἀλαν
924 1200 1012 1287 αὐτῷ
1040 1207 1180 1286 τεθῆναι
1212 1213 1213 1216 ’

159 1310 327 1395 λέγουσιν,
351 1311 402 1376 ότι
423 1311 461 1375 τὸ
485 1307 582 1394 ξίφος
605 1305 690 1393 ἔχων
707 1307 774 1373 ὑπὸ
797 1308 902 1392 μάλης
923 1303 1030 1392 ήλθεν
1048 1305 1103 1373 ίπί
1121 1309 1181 1373 τὸν
1200 1329 1226 1369 ιο

157 1419 279 1502 ἄνδρα·
305 1418 387 1494 άλας
408 1418 473 1500 γὰρ
495 1415 636 1482 καλοῦσι
654 1413 805 1498 Ῥωμαῖοι
827 1415 885 1492 τάς
907 1414 1019 1498 μάλας.
1143 1461 1149 1470 -

227 1520 481 1610 Ἀναιρεθέντος
508 1522 546 1588 δί
573 1531 634 1588 τοῦ
662 1521 785 1608 ἀνδρὸς
813 1518 891 1588 καθ’
915 1519 1029 1608 ἕτερον
1056 1521 1222 1606 τρόπον6
1312 1513 1314 1520 ⁴

159 1635 375 1696 συνελθοῦσα
400 1630 421 1714 ή
450 1631 556 1714 βουλή
584 1631 646 1714 τήν
673 1651 708 1694 τε
736 1629 857 1696 οὐσίαν
879 1628 983 1694 αὐτοῦ
1011 1623 1097 1696 εἰναι
1124 1629 1182 1713 δη-

160 1738 282 1819 μοσίαν
305 1735 491 1822 ἐψηφίσατο
518 1736 575 1817 καί
602 1725 802 1822 τήνόἰκίαν
829 1735 890 1813 ἕως
917 1734 1068 1822 ἐδάφους,
1087 1759 1185 1822 κατα-

112 1881 115 1888 *
161 1853 336 1929 σκαφήναι.
391 1839 489 1922 οὗτος
526 1843 543 1909 ὁ
575 1845 690 1920 ’τόπος
718 1840 767 1908 ότι
802 1845 859 1909 καί
895 1845 943 1920 εἰς
979 1841 1036 1926 ἐμὲ
1071 1840 1115 1927 ήν
1147 1842 1185 1909 έν
1203 1863 1230 1904 ιε

159 1956 298 2029 πολλαῖς
328 1961 400 2030 ταίς
431 1949 525 2037 πέριξ
558 1952 678 2028 οἰκίαις
709 1952 812 2034 μόνος
848 1949 1030 2034 ἀνειμένος,
1052 1947 1182 2036 ἔρημος,

158 2059 362 2142 καλούμενος
393 2058 460 2124 ὑπὸ
489 2057 655 2142 Ῥωμαίων
684 2059 907 2143 Αἰκυμήλιον·
939 2058 984 2134 ὡς
1016 2057 1058 2122 ἰίν
1089 2058 1182 2141 ἡμεῖς

93 2193 97 2196 ·
161 2166 309 2248 εἴποιμεν
334 2166 492 2232 ἰσόπεδον
514 2169 659 2249 Μήλιον.
717 2158 814 2231 αἰκον
836 2166 900 2250 γάρ
923 2163 989 2229 ὑπὸ
1015 2147 1219 2247 Ῥωμαίωῖ

40 2286 43 2293 ’
159 2274 196 2338 τὸ
229 2273 393 2356 μηδεμίαν
426 2269 503 2356 ἕχον
535 2270 653 2357 ἰξοχήν
684 2277 843 2340 καλεῖται·
875 2272 979 2337 τόπον
1012 2265 1075 2336 οὖν
1106 2294 1181 2336 τινα

158 2373 267 2444 Αἰκον
290 2381 426 2462 Μήλιον
454 2375 487 2456 ἐξ
516 2377 617 2464 όρχής
644 2378 826 2463 κληθέντα,
853 2377 996 2464 ὕστερον
1024 2385 1181 2464 συμφθα·
1199 2398 1226 2439 ιο

158 2485 287 2572 ρέντων
320 2484 387 2570 [δέ]
419 2484 574 2569 ἀλλήλοις
609 2487 692 2551 κατὰ
728 2487 790 2570 τήν
821 2488 901 2569 μίαν
933 2483 1082 2570 ἐκφοράν
1113 2497 1181 2551 τῶν

160 2592 333 2677 ὀνομάτων
356 2592 565 2676 Αἰκυμήλιον
588 2590 756 2658 ἐκάλεσαν.
802 2604 847 2678 τῷ
872 2592 910 2657 δὲ
932 2593 993 2676 τήν
1016 2593 1098 2658 κατά
1119 2600 1180 2658 ’τοῦ

231 2775 248 2822 4
280 2768 329 2822 καί
361 2764 518 2838 κεκραγότα
553 2767 697 2838 Kiessling
749 2751 751 2756 ,
792 2747 824 2821 11
858 2767 958 2895 μάλαςή
981 2744 1087 2838 μάχας
1118 2768 1179 2822 Εοο,

161 2843 194 2892 12
222 2837 312 2894 *καθ’
338 2837 471 2906 ἑκάτερον
498 2839 560 2893 Εεο.
588 2837 660 2893 καθ’
684 2835 819 2907 ὁπότερον
845 2840 880 2909 δὴ
905 2859 937 2908 τρ
956 2857 1010 2893 πον
1034 2838 1080 2893 vel
1099 2837 1177 2892 καθ’

160 2906 295 2978 ὁπότερον
323 2907 374 2966 οἰν
401 2907 506 2978 τρόπον
535 2927 557 2968 ο.
580 2910 682 2966 Garrer
706 2909 771 2966 obs.
797 2928 825 2980 p.
846 2916 881 2965 48
905 2909 979 2968 ,καθ’
1006 2909 1100 2977 ἕτερον
1128 2925 1180 2979 ego

161 2986 260 3050 18sqq.
277 2979 309 3037 τὸ
329 2978 461 3037 ἰσόπεδον
478 2980 643 3052 Αἰκυμίλιον
660 2979 792 3052 Ῥωμαῖοι
810 2985 954 3037 καλοῦσιν·
975 2977 1058 3036 αἰκον
1076 2980 1130 3050 γὰρ
1148 2977 1180 3036 τὸ

160 3049 298 3121 μηδεμίαν
317 3053 382 3122 ἰχον
401 3053 499 3123 ἐξοχὴν
518 3050 639 3123 λέγουσι·
657 3049 746 3108 τόπον
764 3049 815 3108 οἰν
833 3073 897 3107 τινα
916 3053 1027 3123 Μήλιον
1047 3051 1075 3118 ἐξ
1094 3052 1181 3122 ἀρχῆς

159 3119 302 3191 κληθέντα
315 3123 430 3193 ὕστερον
445 3121 669 3194 συμφθαρέντων
684 3124 810 3193 ἀλλήλους
824 3124 897 3178 κατὰ
910 3124 961 3194 τὴν
975 3121 1042 3192 μίαν
1054 3122 1180 3193 ἐκφορὰν

158 3203 216 3248 τῶν
235 3193 379 3264 ὀνομάτων
393 3196 565 3266 Αἰκυμήλιον
582 3195 717 3250 ἐκάλεσαν
735 3195 831 3250 Ambr.
888 3201 921 3251 18
941 3193 1072 3250 ἰσόπεδον
1096 3193 1180 3266 μένον

160 3265 223 3319 Ειο.
247 3265 265 3320 ἰ.
284 3266 382 3335 μήλιον
406 3284 428 3322 ο.
447 3267 591 3338 Kiessling
664 3273 696 3321 19
721 3267 808 3322 verba
830 3263 917 3322 τόπον
941 3263 992 3322 οἰν
1014 3286 1079 3322 τινα
1097 3262 1180 3321 οἰκον

161 3336 259 3406 μήλιον
278 3335 306 3402 ἐξ
324 3338 412 3408 ἀρχῆς
429 3337 571 3408 κληθέντα
589 3337 704 3406 ὕστερον
723 3355 776 3393 om.
791 3339 853 3394 Εεο.
869 3338 933 3393 add.
946 3337 1041 3392 Ambr.
1053 3337 1180 3392 Stmvius

161 3408 293 3475 correxit,
312 3406 399 3464 τόπον
417 3405 469 3465 οὖν
486 3408 536 3466 τὸν
555 3408 680 3465 Μαιλίου
699 3427 722 3464 ο.
737 3410 827 3464 Feder
890 3415 922 3464 21
943 3409 974 3464 δέ
993 3426 1046 3464 om.
1062 3408 1177 3480 Λευκή

160 3479 233 3536 κατὰ
251 3479 302 3550 τήν
320 3481 361 3543 εἰς
378 3478 446 3549 μίαν
464 3479 537 3548 λέξιν
556 3481 734 3551 συνεκφορὰν
753 3498 776 3536 ο.
795 3481 893 3537 struve
966 3487 1000 3534 22
1024 3481 1180 3549 αἰκόμηνον
