2668 3922
167 239 234 306 230
585 271 619 280 -
656 241 698 293 13
735 270 769 279 -

166 368 241 432 τότε
270 364 440 452 πέπρωται
469 365 610 450 ἁλῶναι,
639 366 721 432 ὅταν
749 366 770 450 ἡ
800 366 884 451 πρὸς
906 361 1055 454 Ἀλβανῷ
1087 368 1188 452 λίμνη

167 474 357 539 σπανίσασα
387 483 456 538 τῶν
485 472 678 558 αὐθιγενῶν
706 473 863 555 ναμάτων
890 472 1005 557 μηκέτι
1033 475 1190 559 μίσγηται

166 579 333 670 θαλάττη,
370 576 564 646 ἐπαύσασθε
600 579 643 646 ἀν
675 579 773 645 αὑτοί
802 601 838 645 τε
869 579 1103 664 δαπανώμενοι
1132 581 1190 648 καί

127 687 252 772 δὺμᾶς
282 685 505 772 ἐνοχλοῦντες.
560 695 663 753 ταῦτα
694 686 713 752 ὑ
741 684 897 770 Ῥωμαῖος
932 689 1053 770 μαθὼν
1084 691 1190 767 πολὺς

136 792 205 860 ιέν
245 803 291 883 τῷ
332 803 471 859 σκοπεῖν
510 793 590 860 καθ’
619 792 741 860 ἑαυτὸν
777 796 971 879 γενόμενος,
1011 797 1085 861 τότε
1127 795 1189 879 μὲν

167 897 281 991 ἀπῄει,
312 897 387 988 (14)
419 909 459 986 τῆ
492 897 523 965 δ’
547 899 622 986 ἑξῆς
643 903 814 986 προειπὼν
840 911 911 980 τοῖς
940 902 1135 988 χιλιάρχοις,
1167 901 1190 966 δ

109 1019 113 1028 ’
168 1007 344 1092 διενοεῖτο,
371 1016 482 1093 παρῆν
504 1005 559 1073 ἐπὶ
581 1009 642 1074 τὸν
665 1008 770 1074 αὑτὸν
792 1010 897 1075 τόπον
919 1010 1078 1090 ἀνοπλος,
1106 1009 1190 1074 ὥστε

167 1116 332 1200 μηδεμίαν
371 1113 523 1194 ὑποψίαν
563 1113 744 1200 ἐπιβουλῆς
782 1117 843 1181 τὸν
888 1117 1064 1201 Τυρρηνὸν
1103 1115 1188 1202 ὑπὲρ

168 1221 272 1288 αὑτοῦ
303 1224 427 1306 λαβεῖν.
476 1222 682 1308 χρησόμενος
710 1221 749 1287 δὲ
775 1205 845 1299 τοῖς
872 1226 1059 1308 συνήθεσιν
1086 1221 1191 1288 ἀσπα-

123 1348 149 1392 ιο
168 1338 264 1413 σμοῖς
289 1339 423 1416 πρῶτον
449 1329 511 1412 μὲν
532 1328 618 1416 ὑπὲρ
645 1338 704 1414 τῆς
729 1329 930 1414 κατεχούσης
954 1331 992 1396 τὸ
1011 1328 1191 1413 Ῥωμαικὸν

168 1437 393 1523 στρατόπεδον
421 1435 603 1522 ἀμηχανίας
630 1435 795 1520 διελέγετο
823 1435 910 1519 ἀλλ’,
937 1435 991 1522 ἐφ’
1009 1429 1059 1514 οίς
1084 1437 1192 1522 ἡσθῆ-

168 1550 289 1610 σεσθαι
317 1545 378 1609 τὸν
410 1544 586 1630 Τυρρηνὸν
614 1542 858 1627 ὑπελάμβανεν,
890 1539 1002 1608 ἔπειτα
1029 1542 1191 1629 ἐξηγητὴν

168 1650 257 1737 αὑτῷ
299 1649 459 1734 γενέσθαι
498 1647 593 1734 ῆξίου
634 1652 779 1735 σημείων
815 1660 918 1716 τινῶν
952 1651 1008 1716 καῖ
1044 1651 1191 1736 τεράτων

127 1755 287 1822 4νεωστδ
332 1766 402 1834 τοῖς
446 1757 627 1843 χιλιάρχοις
667 1759 864 1842 γεγονότων.
928 1759 1081 1824 πείθεται
1120 1767 1191 1836 τοῖς

123 1883 149 1925 ιι
168 1865 280 1947 λόγοις
303 1862 321 1928 ὁ
345 1863 462 1947 μάντις
485 1863 645 1948 οὐδεμίαν
668 1865 826 1941 δεδοικὼς
848 1861 1012 1949 έξαπάτην
1033 1865 1089 1930 καῖ
1111 1867 1192 1942 τοὺς
1322 1883 1323 1930 .

168 1973 333 2049 συνόντας
361 1969 449 2058 αύτῷ
477 1982 676 2057 μεταστῆναι
702 1972 861 2050 κελεύσας
887 1971 987 2049 αὐτὸς
1008 1971 1191 2056 ἠκολούθει

167 2079 269 2161 μόνος
296 2089 341 2166 τῷ
370 2084 509 2167 λοχαγῷ.
560 2078 578 2144 ὁ
607 2079 645 2145 δὲ
668 2076 823 2162 Ῥωμαῖος
849 2079 1059 2163 ὑπαγόμενος
1086 2078 1192 2144 αὑτὸν

168 2183 324 2271 ἀπωτέρω
348 2194 408 2252 τοῦ
431 2187 561 2272 τείχους
583 2187 639 2252 διδ
656 2197 724 2253 τῶν
737 2188 820 2273 πρὸς
839 2186 968 2271 ἀπύτην
981 2183 1191 2270 μηχανηθέν-
1291 2237 1296 2248 .

167 2313 235 2358 των
265 2293 385 2376 λόγων,
422 2293 467 2371 ὡς
503 2291 603 2378 έγγὺς
639 2291 770 2377 ἐγένετο
806 2303 866 2360 τοῦ
898 2294 1191 2380 περιτειχίσματος,
1320 2343 1321 2384 η

124 2421 149 2461 εο
168 2400 358 2484 περιλαβὼν
387 2409 459 2478 ταῖς
490 2400 606 2486 χερσῖν
635 2398 837 2487 ἀμφοτέραις
866 2399 969 2484 μέσον
999 2399 1128 2484 αἴρεταί
1154 2421 1191 2463 τε

168 2505 224 2571 καί
246 2506 330 2591 πρὸς
352 2507 389 2572 τὸ
405 2503 583 2589 Ῥωμαικὸν
602 2505 804 2593 ἀποφέρεται
824 2507 1058 2593 στρατόπεδον.
1080 2506 1190 2571 Ακιὺν.
1309 2521 1320 2614 ’χ

240 2609 310 2677 XII.
335 2609 409 2699 (15)
443 2618 571 2679 Τοῦτον
600 2615 660 2679 τὸν
691 2612 799 2700 ἀνδρα
828 2615 861 2680 ol
887 2616 1052 2700 χιλίαρχοι
1079 2614 1192 2696 λόγοις

169 2741 204 2784 τε
233 2719 479 2804 θεραπεύοντες
510 2720 566 2786 καί
597 2719 755 2804 βασάνων
784 2717 935 2798 ἀπειλαῖς
966 2720 1192 2802 δεδιττόμενοι

169 2825 299 2892 ἅπαντα
326 2827 578 2912 παρεσκεύασαν
601 2824 752 2912 ἐξειπεῖν,
778 2827 799 2894 δ
822 2827 899 2914 περὶ
920 2836 978 2912 τῆς
996 2823 1192 2909 Ἀλβανίδος
1302 2877 1312 2898 s

124 2951 150 2994 τε
169 2933 287 3018 λίμνης
315 2931 535 3020 ἀπέκρυπτεν·
564 2927 635 3000 εὑτα
661 2935 717 3000 καί
744 2935 827 3021 πρὸς
852 2935 914 3019 τῆν
936 2935 1065 3018 βουλῆν
1087 2931 1192 2998 αὑτὸν

241 3149 256 3197 1
275 3139 337 3198 τότε
352 3143 416 3198 εδδ.
427 3143 558 3211 Ambr.Q
578 3161 631 3200 om.
646 3143 742 3200 Ambr.
757 3145 783 3199 Α
855 3151 871 3199 2
890 3142 1041 3268 μίσγεσθαι
1054 3142 1150 3198 Ambr.
1165 3143 1192 3196 A

168 3218 185 3267 5
209 3218 304 3268 σκοπῶ
322 3213 419 3271 Ambr.
444 3225 560 3272 σκοπεῖν
583 3216 706 3272 Sintenis
730 3216 790 3270 Em.
810 3215 936 3270 Dion.11
968 3222 985 3270 4
1072 3222 1104 3270 11
1127 3211 1188 3269 ἀλλ’

167 3283 263 3338 Ambr.
284 3267 344 3339 ἀντ’
361 3285 460 3342 Struve
481 3284 556 3343 πόλλ’
577 3288 607 3342 in
628 3287 760 3343 Zamekii
773 3287 902 3342 Ιιίῖὺεεεε.
911 3285 1037 3342 Univers.
1049 3289 1127 3353 1810,
1137 3289 1191 3340 893
1308 3292 1311 3296 '

169 3361 203 3411 18
222 3356 297 3429 αάτῆο
312 3355 408 3412 Ambr.
423 3359 499 3414 αὑτῶ
516 3358 614 3415 struve
683 3366 716 3415 16
736 3355 883 3421 συνιόντας
896 3357 991 3412 Ambr.
1007 3375 1076 3413 corr.
1092 3357 1192 3412 Stmve
1316 3391 1317 3411 ι

168 3432 203 3482 10
221 3427 379 3497 περιβαλὼν
397 3414 493 3484 Ambr‘.
514 3445 583 3485 corr.
603 3431 702 3486 stmve
737 3431 740 3502 y
774 3428 884 3498 αίρεται
906 3446 957 3498 pro
979 3429 1053 3498 αίρει
1072 3431 1101 3484 οῖ
1119 3427 1193 3483 ἀπο·

168 3495 284 3568 φέρεται
301 3514 353 3566 pro
372 3497 510 3570 ἀποφέρει
527 3502 558 3556 in
577 3502 765 3572 suspicionem
784 3499 883 3556 Stmve
901 3501 984 3556 νοσεῖ
1233 3511 1236 3520 ’
