2656 3932
182 201 246 268 144
597 229 632 238 -
668 201 708 253 ΙΑ
745 229 780 238 -

179 328 258 404 τοὺς
281 326 404 404 αὐτοὺς
431 334 581 410 συνεχεῖς
607 325 663 391 καί
685 322 764 410 μηδ’
780 325 840 412 οῗφ
862 322 894 390 τ’
910 319 996 391 εἶναι
1023 334 1092 402 τοῖς
1119 326 1205 408 κάμ·

178 448 278 498 νουσι
300 443 368 500 τῶν
391 431 562 519 σφετέρων
584 435 736 516 βοηθεῖν.
780 427 824 515 ήν
846 454 865 497 τ
893 431 956 497 ούκ
983 432 1120 516 ἀίδηλον,
1149 433 1204 498 δτι

178 549 237 623 τῆς
263 537 301 605 έν
323 541 484 618 Αἰκανοῖς
511 547 665 625 στρατιάς
692 537 964 624 ἀναρπασθείσης
991 536 1066 604 οὐδ’
1081 539 1102 623 ἡ
1131 544 1203 606 Σα-

179 647 297 728 βίνους
323 652 514 731 πολεμοῦσα
541 644 675 724 ἀνθέξει
702 645 939 712 συνελθόντων
968 647 1016 724 εἰς
1049 647 1087 711 τὸ
1117 646 1202 712 αὐτὸ

139 731 247 861 35τῶν
269 755 436 838 πολεμίων
459 751 665 839 ἀμφοτέρων.
696 751 858 818 τοιούτων
880 752 922 837 δή
945 753 1115 818 κινδύνων
1137 753 1202 838 τήν

178 857 279 926 πόλιν
305 861 533 947 περιστάντων
559 859 615 926 καί
642 859 723 925 ούδί
749 867 817 924 τῶν
844 857 939 937 ἐντὸς
964 861 1095 945 τείχους
1121 859 1202 942 ὁμο-

179 967 351 1034 νοούντων
382 970 458 1034 τίνα
489 969 654 1052 βοήθειαν
685 965 832 1051 εὕροισθε
863 965 958 1050 ὑμεῖς
991 967 1068 1053 περί
1098 966 1202 1050 μέσας

179 1075 300 1153 νύκτας
323 1077 370 1153 εἰς
393 1077 430 1141 τὸ
449 1077 690 1160 βουλευτήριον
708 1073 944 1154 συνελθόντεςς
965 1074 1050 1160 ήπερ
1069 1075 1202 1159 ὤνησεν

179 1181 452 1267 ὁμολογουμένως
469 1181 578 1248 πάντα
595 1182 636 1246 τδι
653 1181 829 1266 πράγματα
846 1180 903 1246 καί
925 1180 1116 1268 φερομένην
1137 1182 1201 1266 τήν

134 1313 160 1353 ιο
178 1286 278 1355 πόλιν
306 1291 353 1369 εῖς
380 1288 498 1374 ἀτυχὲς
524 1298 641 1372 πτῶμα
668 1289 841 1375 ὤρθωσεν,
873 1287 979 1374 ἀρχὴν
1008 1285 1201 1367 ἀποδείξατε

177 1399 258 1480 μίαν
287 1396 514 1483 αὐτοκράτορα
544 1394 691 1478 πολέμου
720 1394 777 1462 καί
806 1395 954 1481 εἰρήνης,
983 1395 1112 1473 ἁπάσας
1141 1397 1201 1473 τὰς

178 1505 279 1582 ἀλλας
301 1504 545 1579 καταλύσαντες
568 1501 684 1588 ἀρχάς,
708 1502 764 1568 καί
786 1502 868 1588 πρὶν
890 1503 1016 1589 ἡμέραν
1039 1502 1200 1587 γενέσθαι

178 1611 340 1696 δικτάτωρ
370 1609 581 1676 ἀπεδέδεικτο
610 1609 752 1686 Λεύκιος
782 1611 939 1688 Κοίντιος
968 1609 986 1675 δ
1018 1609 1200 1694 βέλτιστος,

137 1715 253 1783 4οὐδ’
279 1716 317 1783 ἐν
347 1725 388 1802 τῇ
420 1717 514 1782 πόλει
544 1713 614 1782 τότ’
640 1717 699 1800 ὤν,
731 1714 806 1782 ἀλλ’
831 1715 869 1782 έν
900 1717 1001 1806 ἀχρφ.
1045 1719 1086 1784 τά
1117 1719 1276 1800 μετδεεοῖ

134 1847 159 1886 ιε
177 1823 281 1891 ταῦτα
308 1823 378 1888 ίστε
406 1824 514 1908 δήπου
536 1831 597 1888 τοῦ
621 1821 743 1909 ἀνδρὸς
766 1820 861 1909 ἔργα,
889 1824 941 1890 ὅτι
962 1823 1017 1890 καί
1040 1823 1199 1907 δυνάμεις

178 1929 368 2018 ἀξιοχρέους
394 1928 661 2016 παρεσκευάσατο
688 1930 744 1996 καλ
770 1931 808 1996 τὸ
837 1931 1039 1998 κινδυνεῦον
1062 1933 1198 2016 στρατό-

177 2040 281 2105 πεδον
310 2037 473 2124 ἐρρύσατο
502 2037 558 2104 καί
586 2039 666 2113 τοὺς
692 2039 870 2120 πολεμίους
896 2036 1120 2124 ἐτιμωρήσατο
1142 2039 1198 2104 καῖ

176 2148 236 2212 τὸν
259 2146 445 2232 στρατηγὸν
467 2143 579 2210 αὐτῶν
603 2144 809 2229 αἰχμάλωτον
827 2141 937 2228 ἔλαβε·
959 2145 1015 2210 καί
1037 2154 1141 2212 ταῦτα
1160 2143 1198 2211 έν

175 2253 311 2339 ἡμέραις
332 2252 628 2339 τεσσαρεσκαίδεκα
650 2254 766 2334 μόναις
789 2251 918 2317 ἅπαντα
936 2250 1199 2339 διαπραξάμενος

133 2381 158 2422 εο
176 2361 231 2426 καλ
259 2360 291 2425 εἰ
313 2383 345 2426 τι
367 2361 448 2426 ἀλλο
472 2361 604 2445 σαθρὸν
626 2355 670 2442 ἦν
691 2368 748 2443 τής
771 2360 937 2436 πολιτείας
959 2357 1197 2446 ἐπανορθωσά-

149 2461 151 2467 ’
176 2489 275 2548 μενος
311 2465 455 2532 ἀπέθετο
487 2468 545 2543 τὰς
577 2465 735 2552 ῥάβδους·
771 2465 826 2531 καί
857 2467 895 2531 τὸ
927 2471 1059 2532 κωλῦον
1094 2465 1197 2532 οὐδὲν

177 2570 307 2656 ἐγένετο
334 2571 415 2640 νέαν
442 2572 549 2658 ἀρχὴν
576 2571 613 2639 ἐν
638 2572 745 2660 ἡμέρᾳ
771 2579 967 2658 κυρωθῆναι
996 2579 1055 2660 μιᾷ
1076 2577 1196 2656 βουλο-

176 2713 241 2774 τοῦς
264 2712 366 2774 αὐτούς
384 2719 509 2782 συνεχεῖς
527 2711 550 2767 Ο
568 2711 644 2766 unde
663 2711 780 2773 τούτους
796 2712 828 2765 in
846 2712 912 2767 edit.
932 2712 1083 2782 Kiessling.
1102 2715 1195 2766 ortum

177 2784 214 2838 sit
232 2783 326 2839 nescio
387 2788 401 2836 1
421 2781 510 2852 *μήθ’
527 2782 577 2875 οίφ
596 2776 755 2872 τεείναιΟ
773 2782 865 2852 μηθὲν
884 2782 935 2856 οἰφ
953 2804 982 2839 τε
1003 2779 1079 2840 εἰναι
1091 2783 1195 2838 Reiske

176 2855 225 2909 καί
244 2852 310 2924 μηδ’
327 2854 520 2923 (ne-quidem)
538 2874 589 2909 οιω
607 2874 623 2908 τ
654 2869 706 2924 ego
780 2859 796 2908 3
816 2852 958 2980 Zaglvovs
977 2858 1135 2926 πολεμοῦσα
1159 2855 1194 2909 cf.

176 2926 265 2982 Krebs
285 2925 339 2979 zm
356 2925 436 2980 Rect.
451 2925 477 2980 d.
494 2925 554 2980 cas.
568 2907 581 2979 ί
596 2930 629 2979 11
685 2930 700 2978 τ
720 2923 842 2992 :zoam
902 2927 937 2980 of.
951 2927 996 2982 w.
1013 2926 1142 2982 Schmidt
1160 2926 1196 2981 οε

176 2996 461 3066 Flav.10s0phieloc.
480 3014 507 3066 p.
523 3002 575 3051 4⁶6
594 2994 691 3064 τύχηθ’
708 2995 796 3051 Cobet
810 2995 875 3052 Oba.
894 3015 922 3067 p.
937 3003 988 3052 20⁷
1007 3000 1099 3124 χίφοεῖ
1117 2999 1196 3068 ὑμεῖς

177 3069 199 3140 Q
218 3067 357 3138 praebent
373 3067 460 3124 verba
484 3065 779 3136 περὶ-συνελθόντες
803 3084 876 3138 quae
899 3069 984 3124 verba
1033 3069 1195 3140 iesslingius

175 3143 241 3209 post
259 3139 393 3208 ἀρθωεεν
411 3139 587 3209 transposuit
642 3143 659 3193 8
677 3137 747 3210 ήπερ
761 3139 791 3193 Μ
810 3139 916 3211 ήπερΙτ
935 3139 1005 3211 ἥπερ
1024 3158 1059 3196 ex
1077 3140 1195 3209 almQV

177 3216 211 3266 10
225 3211 374 3278 ἀποδεῖξαι
383 3211 461 3266 LMV
513 3215 546 3265 11
561 3207 683 3280 πολέμου
695 3218 744 3281 τῆς
758 3210 870 3281 εἰρήνης
879 3211 927 3265 LV
940 3231 969 3264 π.
980 3212 1029 3266 καί
1043 3211 1157 3302 εἰρήνης
1166 3212 1195 3266 Μ

177 3288 210 3336 16
234 3280 407 3356 ἀξιοχρέους]
433 3283 469 3337 ef.
492 3283 558 3336 Aar.
581 3282 676 3351 Progr.
700 3300 727 3351 p.
743 3287 776 3336 37
852 3287 885 3337 18
910 3283 1014 3355 αἰετῶν]
1041 3283 1128 3338 αύτον
1147 3281 1195 3338 LV

176 3353 306 3408 αύτῶνΒ
363 3359 397 3408 20
415 3354 464 3408 καί
483 3352 514 3408 εί
526 3373 553 3408 τι
572 3351 637 3407 ἀλλο
651 3353 700 3406 LV
718 3354 767 3407 καί
785 3352 816 3408 εἰ
829 3373 855 3408 τι
873 3354 922 3408 καί
941 3353 1046 3409 ἀλλοὶἰ
1099 3359 1131 3407 21
1147 3372 1195 3408 κο-

176 3461 259 3516 λύσον
279 3459 301 3514 0
320 3463 434 3530 praeter
446 3460 472 3514 V
487 3459 536 3530 qui
555 3460 615 3515 cod.
630 3460 718 3516 δεῖταί
736 3437 847 3545 πολυδά-
