2668 3922
560 245 594 254 ··
631 217 676 268 ῙΛ
712 245 746 254 -
1097 214 1161 280 251

142 365 250 427 τερον,
286 341 305 407 ὃ
342 343 422 426 μετά
458 343 519 426 την
554 341 675 426 ἀφεσιν
706 351 775 406 τῶν
807 338 1019 424 ἐγκλημάτων
1051 339 1164 416 αὐτοῖς

60 448 345 536 2311ἐχαρίσαντο.
393 448 615 531 σκοπούμενοι
641 447 720 532 γάρ,
746 447 790 524 ῶς
812 446 917 531 μηδὲν
940 443 988 512 ἔτι
1010 453 1164 512 τοιοῦτον

142 554 179 622 ἐν
201 565 241 642 τῇ
265 559 360 622 πόλει
382 559 557 640 γενήσεται
578 553 654 639 μηδ’
676 553 832 640 ἀφορμὴν
859 561 1082 639 νεωτερισμοῦ
1108 557 1164 638 λη-

140 665 265 742 ψονταί
284 686 388 747 τινες,
414 663 490 728 οὔτε
514 663 669 747 φρουράν
692 662 739 738 είς
762 661 824 744 την
847 659 1029 746 ἀκρόπολιν
1052 660 1164 726 αὐτῶν

142 769 248 857 φ’ίοντο
279 771 351 835 δεῖν
382 769 538 852 εἰσάγειν,
571 769 647 833 οὔτε
677 769 766 852 παρά
795 777 863 832 τῶν
893 766 1164 853 ἐπιφανεστάτων
1196 786 1208 827 ι

141 876 276 963 ἀνδρῶν
295 877 402 962 ὅμηρα
421 875 613 958 λαμβάνειν,
632 875 709 940 οὔτε
727 875 814 941 όπλα
832 877 911 952 τοὺς
930 871 1066 960 ἔχοντας
1083 874 1164 960 ἀφε-

141 983 275 1068 λέσθαι,
299 980 370 1050 οὔτ’
393 983 473 1048 ἄλλο
498 991 635 1066 σημεῖον
658 981 760 1047 οὐδὲν
783 980 1026 1066 ἀπιστουμένης
1051 983 1165 1067 φιλίοις

140 1101 287 1176 πονῆσαι·
311 1092 392 1174 μίαν
415 1089 453 1154 δὲ
475 1086 596 1174 πρᾶξιν
618 1090 766 1172 οἰόμενοι
794 1087 991 1173 <συνόχειν>
1017 1089 1164 1166 ἅπαντας
1183 1087 1203 1152 3

140 1202 219 1276 τοὺς
241 1199 324 1264 κατὰ
347 1195 545 1280 συγγένειαν
566 1195 588 1280 ἣ
612 1198 730 1281 φιλίαν
757 1199 985 1280 προσήκοντας
1010 1195 1165 1280 ἀλλήλοις

140 1306 202 1390 την
231 1315 299 1370 τῶν
328 1304 468 1388 ἀγαθῶν
500 1304 698 1388 ἰσομοιρίαν,
725 1304 896 1368 πολιτείαν
921 1299 1072 1386 ἔγνωσαν
1095 1312 1165 1380 τοῖς
1183 1322 1209 1362 ιο

140 1418 336 1497 κρατηθεῖσι
366 1412 584 1496 χαρίσασθαι,
620 1409 756 1474 πάντων
786 1409 983 1492 μεταδόντες
1015 1403 1063 1474 ὧν
1094 1419 1164 1486 τοῖς

142 1519 247 1602 φύσειΙ
267 1515 435 1600 Ῥωμαίοις
465 1527 577 1602 μετῆν,
609 1515 682 1604 (10)
713 1516 753 1582 οὐ
784 1517 846 1600 τὴν
876 1515 981 1600 αὐτὴν
1011 1515 1164 1581 διάνοιαν

142 1606 300 1707 λαβόντες
322 1634 392 1702 τοῖς
416 1623 545 1702 ἀξιοῦσι
569 1633 627 1708 τῆς
651 1621 810 1702 Ἑλλάδος
833 1625 947 1710 ἄρχειν
971 1619 1041 1688 οὔτ’
1064 1619 1164 1708 Ἀθη-

140 1732 248 1808 ναίοις
267 1732 344 1796 οὔτε
358 1732 646 1814 Λακεδαιμονίοις·
671 1732 704 1796 τί
720 1731 784 1816 γάρ
804 1731 856 1795 δεῖ
873 1730 950 1815 περί
967 1741 1035 1795 τῶν
1054 1731 1164 1796 ἀλλων
1182 1729 1204 1794 4

136 1835 306 1922 Ἑλλήνων
334 1837 458 1922 λέγειν;
486 1836 661 1923 Ἀθηναῖοι
683 1837 745 1920 μέν
767 1861 806 1921 γε
828 1840 979 1919 Σαμίους
1005 1837 1164 1914 ἀποίκους
1183 1855 1208 1898 ιι

58 1961 128 2011 2312
140 1943 268 2010 ἑαυτῶν
291 1946 405 2030 όντας,
428 1947 687 2028 Λακεδαιμόνιοι
710 1944 748 2010 δὲ
767 1947 985 2028 Μεσσηνίους
1007 1943 1165 2029 ἀδελφῶν

139 2053 241 2118 οὐδὲν
274 2053 510 2140 διαφέροντας,
545 2051 658 2136 ἐπειδὴ
691 2049 944 2136 προσέκρουσαν
977 2050 1090 2126 αὐτοῖς
1121 2073 1164 2134 τι,

139 2160 377 2242 διαλυσάμενοι
413 2161 475 2244 τὴν
512 2159 711 2244 συγγένειαν
747 2157 853 2233 οὕτως
884 2156 980 2238 ὠμῶς
1012 2157 1164 2240 διεχειρί-

139 2282 241 2330 σαντο
271 2267 327 2330 καί
355 2267 548 2350 θηριωδῶς,
578 2264 692 2349 ἐπειδὴ
722 2265 780 2340 τὰς
807 2265 919 2340 πόλεις
947 2262 1058 2328 αὐτῶν
1081 2263 1164 2328 ὑπο-

138 2373 285 2457 χειρίους
308 2369 440 2457 ἔλαβον,
464 2373 547 2438 ὥστε
570 2371 653 2456 μηδὲ
675 2381 745 2448 τοῖς
766 2369 980 2456 ἀγριωτάτοις
997 2381 1065 2435 τῶν
1083 2373 1164 2456 βαρ
1182 2389 1208 2430 ιο

139 2479 254 2565 βάρων
289 2477 481 2565 ὑπερβολὴν
517 2489 575 2564 της
612 2479 659 2556 είς
694 2479 735 2543 τδι
770 2477 925 2562 ὁμόφυλα
956 2479 1164 2563 παρανομίας

139 2591 348 2672 παραλιπεῖν.
394 2583 467 2672 (ll)
498 2587 618 2671 Μυρία
645 2592 783 2650 τοιαῦτα
813 2583 922 2668 λέγειν
952 2586 994 2650 ἀν
1021 2609 1071 2662 τις
1094 2581 1202 2671 ἔχοιὸ

139 2703 210 2770 ταῖς
240 2695 356 2759 πόλεσι
382 2694 517 2770 ταύταις
543 2692 769 2779 ἡμαρτημένα,
793 2692 813 2756 δ
836 2693 990 2778 παρίημι,
1014 2690 1085 2758 ἐπεὶ
1107 2692 1163 2756 καί

140 2800 268 2866 τούτων
298 2799 503 2884 μεμνημένος
533 2801 691 2884 ἄχθομαι·
724 2801 761 2865 τὸ
791 2800 853 2884 γάρ
877 2797 1074 2883 Ἑλληνικὸν
1101 2799 1163 2863 οὐκ

141 2905 277 2988 ὀνόματι
307 2906 481 2993 διαφέρειν
507 2915 568 2972 τοῦ
596 2907 768 2993 βαρβάρου
791 2904 908 2990 ἠξίουν
932 2905 1011 2970 οὐδὲ
1034 2903 1162 2970 διαλέκ-
1181 2923 1207 2964 τι

213 3193 228 3240 2
248 3188 296 3260 ὡς]
315 3197 375 3252 πῶς
393 3206 416 3243 ο.
431 3188 527 3244 Nabar
546 3188 648 3242 Mnem.
664 3193 707 3255 30,
722 3193 773 3242 259
793 3205 830 3242 an
849 3186 941 3249 ότιωςῖ
1015 3192 1030 3240 3
1053 3186 1095 3258 ἐν]
1115 3185 1162 3240 ἐπὶ

140 3275 164 3312 ο.
185 3259 327 3330 Kiessling
399 3266 416 3314 8
439 3263 505 3330 post
526 3261 630 3328 πρᾶξιν
649 3259 762 3314 Valesio
789 3260 902 3314 videtur
927 3259 1023 3312 deesse
1045 3257 1161 3312 verbum

140 3329 256 3400 aliquod
281 3333 314 3384 ui
339 3329 464 3402 συνάγειν
487 3331 532 3386 vel
555 3331 647 3386 simile
671 3331 748 3399 quid.
786 3331 846 3401 Ego
864 3332 930 3398 post
948 3327 1073 3398 οἰόμενοι
1098 3346 1161 3383 oum

139 3403 213 3457 Prou
239 3399 365 3472 συνάγειν
390 3403 504 3458 inserui.
541 3404 587 3456 An
610 3404 676 3472 post
701 3399 825 3471 οἰόμενοι
848 3401 954 3456 excidit
976 3403 1161 3470 καθομιλεῖνῖ

140 3479 174 3528 25
193 3491 243 3543 pro
262 3471 343 3544 ἠξίου
363 3474 423 3543 (sio)
443 3492 465 3530 ο.
480 3475 589 3544 Kayser
607 3471 701 3529 Fleck.
716 3475 788 3529 Ann.
805 3478 882 3540 1870,
899 3479 949 3528 727
969 3471 1049 3538 ἀξιον
