2668 3922
576 235 610 242 -
648 205 688 257 113
726 235 761 243 -
1112 205 1178 272 231

159 327 398 414 ἀναπέμπουσι.
460 340 530 408 τοῖς
567 329 597 394 δ’
621 328 658 396 έκ
694 338 754 396 τοῦ
791 330 972 416 συνεδρίου
1008 330 1070 416 ούχ
1106 332 1181 416 (vj)

158 435 255 521 ὁμοία
282 436 427 524 παρέστη
455 435 550 522 δόξα,
578 433 663 503 ἀλλά
685 446 756 515 τοῖς
777 437 839 521 μέν
862 436 970 504 ἐδόκει
991 440 1182 524 πανοῦργός

156 567 207 622 τις
243 537 333 611 εἶναι
360 544 416 610 καὶ
449 545 529 630 γύης
560 543 578 610 ὁ
616 545 788 630 Τυρρηνὸς
822 544 878 610 καί
912 545 1182 624 καταψεύδεσθαι

156 653 217 718 τδῦ
240 652 417 736 δαιμονίου
439 653 481 717 τά
503 652 580 738 περί
597 653 658 718 τὸν
675 653 836 738 χρησμόν,
852 661 923 728 τολς
941 647 972 716 δ’
991 648 1056 717 ἀπὸ
1075 653 1182 738 πάσης

157 759 319 844 ἀληθείας
355 757 530 845 εἰρηκέναι.
589 756 663 845 (16)
692 759 749 825 Ἐν
784 759 922 850 τοιαύτη
957 759 990 824 δ’
1016 732 1225 862 ἀμηχανίηι25

156 877 214 951 τῆς
241 869 367 950 βουλῆς
392 865 607 952 ὑπαρχούσης
634 875 788 952 παρῆσαν
816 867 848 931 ολ
875 865 1182 952 προαποσταλέντες

157 973 205 1050 εἰς
227 974 387 1058 Δελφοὺς
408 974 597 1059 θεόπροποι
621 976 789 1060 χρησμοὺς
811 975 1000 1056 κομίζοντες
1022 983 1093 1051 τοίς
1113 972 1181 1039 ύπὸ

156 1087 217 1145 τοῦ
231 1085 408 1166 Ῥνρρηνοῦ
429 1081 594 1166 πρότερον
612 1079 873 1165 ἀπηχχελμένοις
891 1077 1111 1168 συνᾴδοντας·
1130 1081 1182 1146 ὅτι

51 1226 56 1233 -
156 1185 234 1252 θεολ
260 1186 317 1252 καί
339 1187 502 1270 δαίμονες
523 1188 557 1252 ολ
579 1189 736 1273 λαχόντες
757 1188 819 1272 την
845 1186 1059 1253 Οὐιεντανῶν
1081 1189 1181 1254 πόλιν

156 1297 320 1358 τοσοῦτον
343 1293 457 1372 αὐτοῖς
479 1292 665 1378 ἐγγυῶνται
686 1296 811 1381 χρόνον
834 1293 1018 1360 ἀσάλευτον
1037 1293 1182 1380 φυλάξαι
1200 1314 1226 1354 ιο

156 1400 219 1483 την
242 1397 279 1464 έκ
301 1402 479 1486 προγόνων
502 1401 755 1486 παραδοθεῖσαν
779 1399 1006 1486 εὐδαιμονίαν,
1034 1401 1116 1466 ὅσον
1139 1399 1181 1466 ἀν

157 1505 359 1588 διαμένωσιν
386 1508 422 1573 αλ
448 1508 551 1592 πηχαλ
573 1519 632 1594 της
654 1507 692 1576 έν
710 1505 860 1595 Ἀλβανῷ
884 1509 1001 1594 λίμνης
1023 1507 1182 1594 δπερχεό·

156 1633 254 1694 μεναι
275 1612 331 1678 καί
349 1612 444 1700 μέχρι
461 1615 630 1701 θαλάττης
642 1613 885 1702 ,ἀπορρέουσαν
909 1616 990 1682 ὅταν
1008 1611 1039 1680 δ’
1057 1612 1182 1680 δκείναι
1199 1613 1221 1677 3

158 1717 264 1804 φύσιν
281 1741 317 1785 τε
339 1721 401 1806 τὴν
415 1719 544 1788 ἑαυτῶν
557 1721 613 1788 καί
635 1721 736 1800 ὁδοὺς
753 1723 813 1800 τὰς
831 1718 970 1809 ἀρχαίας
987 1720 1182 1788 ἐκλιποῦσαι

45 1881 49 1888 .
112 1888 115 1894 ,
156 1821 236 1892 καθ’
267 1824 380 1914 ἑτέρας
421 1826 639 1915 έκτραπῶσιν,
680 1830 726 1908 ὡς
764 1829 880 1914 μηκέτι
918 1831 1100 1914 μίσγεσθαι
1139 1837 1180 1915 τῇ
1200 1847 1226 1889 ιι

156 1933 320 2025 θαλύττη,
342 1937 417 2001 τότε
439 1936 495 2002 καί
512 1937 575 2022 την
593 1939 693 2004 πόλιν
707 1937 819 2004 αὐτῶν
833 1934 1020 2004 ἀνάστατον
1034 1933 1181 2002 ἔσεσθαι·

156 2048 255 2106 τοῦτο
288 2037 320 2106 δ’
342 2043 405 2109 ούιι
437 2045 485 2122 είς
516 2047 647 2132 μακρὰν
676 2044 743 2110 ὑπὸ
769 2042 936 2125 Ῥωμαίων
968 2046 1181 2127 γενησεσθαι,

155 2145 215 2214 ἐὰν
243 2147 408 2234 ὀρύγμασι
436 2149 515 2216 καθ’
533 2151 628 2237 ἕτερα
654 2153 759 2236 χοιρία
784 2149 976 2234 γενομένοις
999 2147 1181 2235 έκτρίύωσι

155 2256 217 2338 την
262 2259 463 2342 πλήμμυραν
503 2266 572 2323 τῶν
611 2256 745 2322 ἀδύτων
786 2257 834 2333 είς
878 2257 919 2320 τά
963 2257 1077 2340 πρόσω
1123 2265 1181 2340 της

157 2682 365 2767 αἰχμαλώτου
404 2685 511 2768 τινός,
552 2681 853 2772 ἐπικηρυκεύεσθαι
890 2685 975 2770 πρὸς
1010 2687 1089 2762 τοὺς
1121 2705 1180 2749 πο-

25 2865 28 2870 ,
156 2793 373 2876 λιορκοῦντας
412 2792 540 2875 ἤθελον
575 2791 652 2878 περί
688 2791 897 2868 καταλύσεως
927 2800 988 2857 τοῦ
1021 2789 1180 2875 πολέμου,

156 2896 237 2981 πρὶν
260 2896 386 2964 ἁλῶναι
412 2898 496 2964 κατὰ
518 2898 638 2984 κράτος
659 2900 722 2984 τὴν
744 2899 855 2982 πόλιν,
881 2898 937 2964 καί
961 2893 1180 2963 ἀποδείκνυν-
1198 2917 1224 2959 ιε

36 2997 39 3004 ’
157 3025 211 3068 ται
250 3002 405 3091 πρέσβεις
446 3005 479 3070 ολ
515 3004 745 3090 πρεσβύτατοι.
806 2999 1106 3090 ἀποψηφισαμένης
1142 3004 1219 3070 δὲ2

230 3255 244 3303 1
271 3249 289 3320 τ)
315 3251 380 3338 αδδ.
399 3251 501 3337 §truvo
533 3326 534 3330 Ἰ
581 3256 615 3306 10
639 3250 779 3320 φυλάξαιτ’
797 3251 926 3307 Hertlein
948 3251 1065 3306 Hermes
1083 3249 1109 3304 X
1126 3257 1178 3306 421

156 3317 474 3462 δέυδύέδοιὲἀδδιδδτύτῖ
492 3319 1179 3464 Αῗδῖπάἀχμῗύραδωδξδεδοωυέξηυγεεδάἱμδδεοέδά

157 3464 192 3519 cf.
207 3464 364 3518 Buttmann
382 3465 460 3521 Ausf.
476 3465 662 3536 Spraehlehre
677 3471 692 3520 1
707 3483 735 3536 p.
746 3470 788 3521 8⁶.
804 3471 847 3535 39,
866 3465 980 3523 Lobeck
992 3465 1073 3522 Path.
1088 3470 1179 3535 p.2'18

155 2359 323 2446 θαλύττης
355 2362 461 2428 πεδία.
511 2370 615 2428 ταῦτα
643 2365 810 2446 μαθόντες
837 2363 870 2429 ολ
889 2359 1047 2445 Ῥωμαῖοι
1072 2363 1180 2442 εὐθὺς
1199 2383 1226 2424 ιο
1323 2327 1324 2417 I

8 2491 17 2540 ⁸,
156 2465 342 2552 ἐπέστησαν
364 2478 435 2546 τοῖς
457 2465 568 2555 ἔρχοις
589 2471 669 2547 τοὺς
690 2468 907 2556 χειροτέχνας.
953 2469 1063 2536 Ακιάν.

227 2573 315 2640 XIII.
339 2573 413 2663 (17)
437 2573 493 2654 Ὡς
520 2576 558 2642 δέ
584 2572 676 2643 ταῦτ’
693 2578 843 2662 ἤκουσαν
873 2576 1072 2644 Οὐιεντανοί
1098 2573 1176 2662 παρ’
