2662 3920
179 206 220 271 18
606 206 761 256 -Ῑ-

137 329 371 414 δέλευθερίας
401 329 422 413 ή
455 330 493 394 τὸ
526 330 645 394 λοιπὸν
677 327 987 411 έναντιωσομένους.
1042 329 1123 395 ὅταν
1160 330 1199 395 δὲ
1310 355 1311 358 ’

176 438 261 520 ήμᾶς
297 435 447 502 ἐκποδὼν
484 439 702 521 ποιήσωνται,
743 433 810 502 τότ’
845 437 910 521 ήδη
950 437 1033 502 κατὰ
1069 437 1199 520 πολλήν

177 543 363 629 άσφάλειαν
379 544 540 627 ἡγοῦνται
559 539 805 628 διαπράξασθαι
827 540 904 629 παρ’
923 542 1018 626 ὑμῶν
1035 543 1076 608 τά
1099 545 1199 609 λοιπά

177 649 397 736 ἀναιρεθῆναι
434 651 490 716 διὰ
525 658 642 715 κοινοῦ
678 652 890 735 ψηφίσματος
925 651 983 727 τὰς
1017 650 1199 734 γενομένας
1311 643 1312 646 “

145 756 257 839 εὑμλν
293 759 376 842 πρὸς
411 759 471 822 τὸν
507 757 614 842 δῆμον
651 756 835 841 ὁμολογίας.
893 756 1035 843 ὁρῶντες
1065 756 1118 840 δέ,
1146 758 1198 823 ὅτι

177 863 305 949 ξενικῆς
341 865 454 941 αὐτοῖς
489 865 599 950 χειρὸς
635 865 682 941 είς
719 865 759 930 τδι
794 865 969 950 πράγματα
1000 864 1053 928 δεῖ
1083 865 1198 950 κρύφα

176 974 507 1057 παρασκευασθείσης
538 972 594 1036 καί
630 971 711 1036 οὐδὲ
748 972 869 1056 ταύτης
905 973 1053 1057 μετρίας,
1090 971 1198 1056 ἄνδρα
1207 989 1286 1038 2009

175 1082 440 1164 προσειλήφασιν
481 1080 528 1155 είς
568 1087 672 1144 ταῦτα
712 1089 780 1144 τῶν
820 1078 989 1164 ὑμετέρων
1034 1077 1197 1163 φυγάδων

175 1188 336 1252 Καίσωνα
363 1187 523 1251 Κοίντιον
549 1186 710 1269 ἡγεμόνα,
742 1184 783 1250 ὃν
815 1184 870 1250 ἐπί
901 1187 1020 1270 φόνοις
1051 1189 1197 1250 πολιτῶν

132 1314 157 1353 ιο
175 1293 230 1358 καί
262 1293 431 1358 διαστάσει
462 1301 520 1376 της
552 1294 679 1369 πόλεως
710 1290 946 1377 ἐξελεγχθέντα
977 1289 1195 1378 διεπράξαντό

175 1423 263 1477 τινες
302 1411 371 1465 τῶν
412 1397 536 1464 ἐνθάδε
576 1400 620 1483 μή
662 1400 782 1464 δοῦναι
823 1400 931 1484 δίκην,
973 1395 1045 1464 ἀλλ’
1080 1399 1197 1484 ἀθῷον

175 1505 337 1574 ἀπελθεῖν
369 1505 405 1572 ἐκ
439 1517 498 1590 της
533 1508 674 1590 πόλεως,
711 1506 862 1572 κάθοδόν
893 1530 928 1571 τε
964 1504 1102 1591 πράξειν
1134 1506 1197 1570 ὑπ-

176 1613 330 1698 έσχηνται
347 1613 402 1678 καὶ
422 1613 524 1698 άρχδις
547 1615 780 1698 προτείνονται
802 1614 857 1678 καί
879 1615 974 1696 τιμάς
996 1613 1051 1677 καί
1075 1614 1197 1690 ἄλλους

136 1722 156 1785 6
175 1722 319 1802 μισθοὺς
341 1729 400 1803 τῆς
421 1719 615 1805 ὑπουργίας.
660 1717 813 1796 κάκείνως
834 1718 1015 1804 ὑπέσχηται
1038 1721 1196 1804 στρατιάν

131 1849 156 1890 ιε
176 1827 289 1903 αὐτοῖς
325 1828 484 1892 Αἰκανῶν
519 1827 575 1892 καί
614 1827 838 1892 Οὐολούσκων
874 1824 964 1904 ἄξειν
1005 1825 1196 1912 ἐπίκουρον,

175 1934 255 2018 ὅσης
278 1932 321 1998 άν
344 1935 526 2018 δεηθῶσιν·
553 1932 624 2019 ήξει
646 1957 681 1999 τε
705 1935 767 2000 οὐκ
790 1935 837 2010 είς
859 1935 990 2020 μακράν
1013 1933 1112 2011 αὐτὸς
1134 1934 1197 2015 μὲν

175 2039 378 2124 ἐπαγόμενος
409 2043 488 2117 τοὺς
520 2040 780 2124 εὐτολμοτάτους
814 2041 928 2126 κρύφα
963 2037 1034 2106 κατ’
1062 2040 1197 2125 ὀλίγους

175 2148 318 2232 εἰσάγων
347 2148 402 2214 καί
432 2148 616 2233 σποράδας,
645 2143 727 2230 ἡδ’
753 2149 835 2231 άλλη
866 2148 1021 2232 δύναμις,
1052 2148 1133 2214 ὅταν
1163 2150 1196 2213 ολ

174 2265 234 2320 τοῦ
262 2256 369 2340 δήμου
397 2257 634 2341 προεστηκότες
661 2256 755 2339 ἡμεῖς
786 2256 1039 2339 διαφθαρῶμεν,
1071 2253 1125 2321 ἐπί
1157 2256 1195 2320 τὸ

130 2385 156 2423 ιο
175 2363 255 2426 ἄλλο
287 2368 418 2446 πλῆθος
449 2373 517 2427 τῶν
549 2367 701 2448 πενήτων
733 2366 889 2448 χωρήσει,
921 2360 980 2427 ἐάν
1011 2385 1100 2439 τινες
1131 2363 1196 2446 ἄρα

136 2467 390 2554 λπεριέχωνται
421 2479 479 2553 τῆς
511 2468 714 2554 ἐλευθερίας.
768 2465 859 2535 ταῦτ’
887 2467 989 2552 ἐστίν,
1023 2468 1044 2533 ἃ
1076 2470 1196 2552 βεβού-

175 2580 309 2640 λευνται
340 2575 407 2640 ὑπὸ
440 2577 580 2653 σκότους
611 2577 667 2642 καί
698 2577 857 2659 μέλλουσι
889 2577 985 2661 δρᾶν,
1019 2572 1045 2641 ὦ
1077 2579 1283 2660 βουλή,2010

175 2682 269 2746 δεινά
292 2681 347 2746 καί
371 2681 489 2748 άνόσια
512 2680 608 2769 ἔργα,
637 2685 714 2748 οὔτε
740 2690 839 2749 θεῖον
862 2682 1071 2768 φοβηθέντες
1093 2685 1195 2768 χόλον

174 2789 251 2854 οὔτε
275 2788 496 2875 ἀνθρωπίνην
518 2788 735 2874 ἐντραπέντες
757 2789 899 2873 νέμεσιν.

173 3016 237 3054 mea
256 3001 370 3068 quidem
389 3001 529 3055 sententia
548 2999 647 3063 ἄλλους
666 3003 828 3070 corruptum
842 3018 899 3055 non
913 3003 968 3066 εείι,
984 3001 1033 3055 sed
1047 3017 1114 3055 voce
1128 3002 1194 3063 τους

174 3072 268 3126 deleta
292 3073 457 3126 vertendum
480 3076 534 3126 est:
560 3073 619 3125 und
642 3073 793 3126 ausserdem
815 3089 869 3126 von
890 3072 945 3126 den
968 3071 1116 3140 Plebejern
1135 3072 1193 3125 die-

169 3143 286 3213 jenigen
330 3149 345 3196 2
360 3143 526 3212 ποιήσονται
540 3143 586 3196 Ba,
632 3149 648 3197 3
663 3142 871 3211 διαπράξεσθαι
885 3160 908 3198 c.
920 3142 1008 3198 Cobet
1022 3143 1087 3198 obs.
1102 3161 1129 3212 p.
1142 3149 1193 3198 188

174 3213 382 3282 διαπράξεσθαι
404 3213 473 3282 παρ’
494 3217 572 3284 ὑμῶν
594 3214 630 3268 τά
651 3235 680 3268 τε
702 3214 786 3269 λοιπὰ
804 3212 836 3269 τό
855 3212 880 3268 τ’
898 3216 1088 3285 ἀναιρεθῆναι
1111 3213 1193 3267 Hert-

173 3286 231 3339 lein
249 3285 364 3340 Hermes
383 3285 474 3340 X419
540 3283 713 3356 θήμετέρων
732 3287 757 3339 Α
779 3283 959 3354 θμετέρωνΒ
1030 3292 1064 3339 13
1083 3283 1193 3353 προτεί-

174 3357 311 3411 νονταιΑ
329 3355 506 3425 προτείνουσι
519 3357 545 3410 R
599 3364 632 3410 14
651 3356 783 3424 στρατιὰν
803 3357 833 3410 δὲ
853 3357 984 3418 κάκεῖνος
1002 3355 1155 3426 ὑπέσχηται
1170 3357 1192 3410 O

174 3428 326 3552 μεωείοιΡΒ
387 3435 420 3483 16
438 3427 514 3498 ἥξειν
533 3429 558 3482 Α
581 3426 641 3497 ἥξει
658 3429 684 3480 R
743 3433 777 3481 20
796 3427 931 3496 χωρήσειν
950 3430 974 3480 Α
993 3428 1085 3482 om.B
1104 3427 1193 3498 χωρή-

175 3516 216 3552 σει
235 3516 258 3554 ε.
301 3501 377 3554 ortus
