2662 3920
174 231 195 294 2
604 257 637 264 -
675 229 690 278 1
726 257 759 263 -

174 353 247 439 <ἠ>
278 356 444 438 ἰσηγορία,
471 353 527 418 καί
554 354 636 418 κατὰ
664 353 788 435 νόμους
810 350 905 435 ἠξίου
929 353 1132 418 διοικεῖσθαι
1154 355 1195 418 τά

75 443 84 454 ”
173 484 208 526 τε
237 461 386 526 ἰδιωτικὰ
412 460 468 526 καί
495 461 536 525 τὰ
558 461 708 543 δημόσια.
755 459 848 524 οὔπω
871 460 935 543 γάρ
958 460 1032 524 τότε
1054 456 1098 543 ἠν
1121 459 1191 524 οὔτ’

54 565 61 576 ’
175 569 328 650 ἰσονομία
346 568 435 652 παρά
448 564 616 648 Ῥωμαίοις
636 564 702 630 οὔτ’
721 567 884 651 ἰσηγορία,
902 563 975 632 οὐδ’
994 565 1032 632 ἐν
1049 576 1195 652 γραφαίς

173 675 303 740 ἅπαντα
325 675 365 738 τά
389 674 500 739 δίκαια
522 671 715 756 τεταγμένα·
748 672 832 738 ἀλλά
855 674 892 739 τὸ
915 673 977 757 μέν
999 672 1139 758 ἀρχαίου
1162 674 1195 738 ολ

142 803 154 842 ι
173 785 320 864 βασιλεῖς
343 781 455 846 αὐτῶν
477 777 613 845 ἔταττον
635 789 706 856 τοῖς
728 779 899 862 δεομένοις
923 781 981 857 τὰς
1003 781 1112 863 δίκας,
1138 781 1195 845 καί

133 889 210 954 3τὸ
243 887 425 953 δικαιωθὲν
456 883 514 952 ὑπ’
529 875 533 882 ’
546 885 683 952 ἐκείνων
714 895 813 951 τοῦτο
846 888 948 969 νόμος
978 883 1029 971 ἠν.
1084 887 1129 964 ὡς
1159 883 1189 952 δ’

173 993 663 1080 ἐπαύσαντομοναρχούμενοι,
688 1002 758 1070 τοῖς
780 989 850 1058 κατ’
874 991 1029 1059 ἐνιαυτὸν
1052 993 1194 1058 ὑπατεύ-

173 1117 271 1167 ουσιν
294 1101 441 1168 ἀνέκειτο
469 1101 510 1166 τά
536 1121 572 1165 τε
599 1101 684 1164 ἀλλα
710 1111 779 1165 τῶν
803 1100 968 1184 βασιλέων
991 1097 1073 1186 ἔργα
1094 1100 1192 1186 καίἠ

173 1217 232 1273 τοῦ
266 1209 397 1273 δικαίου
427 1207 620 1292 διάγυωσις,
650 1207 706 1271 καί
735 1217 805 1285 τοις
835 1207 1082 1292 ἀμφισβητοῦσι
1111 1209 1195 1293 πρὸς

129 1337 155 1376 10
173 1315 337 1400 ἀλλήλους
362 1314 447 1399 ὑπὲρ
473 1313 688 1398 ὁτουδήτινος
710 1312 832 1380 ἐκείνοι
854 1317 897 1380 τά
919 1315 1032 1380 δίκαια
1054 1315 1088 1379 ολ
1110 1315 1195 1379 διαι-

133 1423 155 1486 4
175 1431 312 1507 ροῦντες
337 1417 432 1505 ἠσαν.
478 1421 606 1486 τούτων
631 1420 670 1485 δὲ
691 1423 732 1486 τὰ
754 1421 816 1504 μὲν
838 1423 945 1488 πολλά
967 1431 1038 1498 τοῖς
1059 1423 1195 1506 τρόποις

173 1539 240 1594 τῶν
277 1529 449 1614 ἀρχόντων
486 1527 682 1613 ἀριστίνδην
718 1527 1011 1612 ἀποδεικνυμένων
1047 1526 1102 1594 ἐπὶ
1137 1529 1196 1605 τάς
1206 1545 1280 1594 1983

174 1635 276 1720 ἀρχάς
305 1633 478 1700 ἀκόλουθα
504 1631 560 1718 ἠν·
601 1636 721 1720 κομιδή
745 1632 776 1699 δ’
799 1635 895 1720 ὀλίγα
922 1637 998 1702 τινά
1025 1633 1063 1701 ἐν
1092 1635 1194 1721 ἰεραίς

172 1738 216 1825 ἠν
238 1742 377 1824 βύβλοις
400 1740 614 1826 ἀποκείμενα,
637 1742 658 1807 ἀ
682 1745 795 1825 νόμων
818 1737 884 1827 εἰχε
908 1743 1063 1826 δύναμιν,
1090 1737 1139 1807 ὧν
1162 1744 1195 1808 ol

130 1873 154 1913 15
172 1851 340 1934 πατρίκιοι
368 1850 431 1933 τήν
460 1859 587 1933 γνῶσιν
616 1844 708 1934 εἰχον
737 1852 835 1932 μόνοι
865 1850 921 1914 διὰ
950 1850 1008 1927 τὰς
1038 1848 1075 1914 ἐν
1103 1851 1194 1914 ἀστει

173 1955 360 2038 διατριβάς,
390 1957 423 2020 ολ
453 1955 491 2021 δὲ
519 1956 638 2021 πολλοὶ
668 1955 931 2042 ἐμπορευόμευοί
956 1979 991 2021 τε
1013 1957 1070 2022 καί
1092 1979 1195 2040 γεωρ-

173 2072 312 2146 γοῦντες
341 2063 397 2127 διά
426 2067 560 2128 πολλῶν
589 2060 723 2148 ἠμερῶν
753 2065 800 2142 εἰς
828 2065 911 2129 ἀστυ
938 2065 1195 2146 καταβαίνοντες

133 2167 227 2234 ὃέπί
257 2170 316 2246 τάς
345 2167 470 2254 ἀγορὰς
499 2170 630 2254 ἀπειροι
659 2167 708 2234 ἔτι
736 2167 829 2254 ἠσαν.
856 2172 915 2234 τὸ
946 2170 984 2235 δὲ
1013 2172 1195 2253 πολίτευμα

173 2286 271 2342 τοῦτο
298 2288 429 2362 πρῶτος
453 2276 515 2358 μὲν
537 2274 713 2362 ἐπείρασεν
736 2278 926 2361 εἰσαγαγεῖν
950 2277 1050 2354 Γάιος
1078 2277 1194 2362 Τερέν-
1205 2295 1280 2344 1984

130 2404 156 2444 20
173 2407 242 2460 τιος
279 2385 457 2469 δημαρχῶν
494 2381 531 2448 ἐν
567 2394 613 2469 τῷ
650 2385 856 2468 παρελθόντι
891 2380 971 2467 ἔτει,
1008 2381 1121 2462 ἀτελὲς
1157 2383 1194 2448 δὲ

73 2527 75 2532 -
173 2489 370 2574 ἠναγκάσθη
411 2495 604 2555 καταλιπεῖν
645 2499 705 2555 τοῦ
742 2513 777 2554 τε
813 2495 966 2575 πλήθους
1002 2491 1100 2567 όντος
1140 2489 1194 2556 ἐπὶ

175 2597 408 2683 στρατοπέδων
429 2597 485 2661 καί
507 2607 575 2662 τῶν
597 2596 734 2662 όπάτων
757 2596 908 2681 ἐπίτηδες
930 2596 967 2663 ἑν
989 2606 1030 2683 τή
1054 2601 1194 2684 πολεμία

175 2713 216 2790 γή
240 2705 299 2781 τάς
321 2703 479 2786 δυνάμεις
500 2706 743 2788 κατασχόντων,
767 2703 827 2780 ἕως
845 2703 863 2769 ὁ
882 2715 940 2788 τῆς
961 2701 1063 2789 ἀρχῆς
1082 2703 1194 2780 αὐτοῖς

174 2810 326 2902 παρέλθῃ
348 2813 476 2896 χρόνος.

247 2957 261 3004 1
281 2951 299 3021 ἠ
319 2951 384 3005 add.
402 2950 509 3004 Grimm
530 2951 533 3023 ἰ
553 2949 633 3021 ἠξίου
653 2951 675 3006 Ο
699 2949 797 3021 ἠξίουν
816 2951 923 3006 Grimm
992 2957 1007 3005 ό
1027 2951 1055 3006 οἱ
1073 2953 1195 3022 βασιλελς

175 3019 221 3090 ἐφ’
244 3023 337 3077 αδτῶν
361 3039 383 3076 ο.
403 3022 506 3076 Reiske
579 3028 595 3077 8
619 3021 687 3092 ἔργα
707 3023 757 3077 καί
775 3025 800 3076 Α
826 3019 886 3078 εἰτα
906 3024 955 3077 καί
973 3023 1020 3076 Ba
1045 3022 1113 3093 ἔργα
1133 3017 1194 3076 εἰτα

175 3094 224 3146 καὶ
238 3093 284 3146 Bb
307 3095 309 3164 Ι
331 3094 378 3147 καί
395 3093 429 3163 δή
444 3094 493 3147 καί
506 3093 524 3163 ἠ
537 3103 588 3148 τοῦ
605 3092 718 3148 δικαίου
737 3111 760 3148 ο.
775 3095 879 3148 Reiske
943 3101 975 3148 11
995 3091 1193 3162 ἰπιτρόποιςΟ

174 3161 289 3232 τρόποις
312 3165 415 3219 Reiske
488 3171 521 3219 13
540 3162 688 3220 ἀκόλουθα
706 3162 741 3234 ἠν
760 3168 825 3235 post
843 3162 987 3236 ἀρχόντων
1009 3167 1193 3234 ίτοοομοιιοο-
1311 3211 1312 3218 ,

176 3236 243 3288 dum
271 3252 331 3290 esse
360 3253 432 3290 oens.
456 3236 560 3291 Reiske
640 3243 674 3290 14
702 3234 852 3309 β<ί>βλοις
876 3237 899 3290 Β
929 3237 932 3306 Ι
962 3238 1027 3305 post
1052 3236 1071 3290 ἃ
1097 3252 1193 3290 erasae

176 3307 269 3362 8fere
287 3307 413 3374 litterae,
432 3323 550 3375 quarum
565 3308 675 3376 primae
689 3307 803 3362 fuerunt
820 3307 933 3377 γραφΒ
990 3313 1023 3361 16
1042 3305 1193 3376 ἰμπορευό-
1311 3373 1312 3376 ¹

176 3397 255 3446 μενοι
277 3378 353 3432 ABb
387 3376 524 3448 έμπορευό
552 3379 582 3432 in
608 3379 686 3446 albo,
713 3376 793 3448 μενοί
821 3380 962 3448 corrigens
985 3394 1020 3431 ex
1042 3376 1124 3447 μόνοι
1146 3378 1192 3432 Bb

177 3455 209 3502 17
229 3450 278 3502 καλ
297 3449 345 3504 διά
364 3467 386 3504 ο.
401 3450 545 3520 Kiessling
599 3455 632 3504 19
646 3447 866 3519 τεργίντιοςΑΒ
917 3455 950 3502 22
966 3447 1193 3516 στρατοπέδουΑ
1311 3463 1312 3480 ¹

177 3526 210 3574 23
230 3521 326 3584 αὐτοῖς
344 3521 367 3576 Ο
390 3522 466 3595 αὐτῷ
481 3539 505 3576 ο.
520 3521 623 3576 Reiske
