2668 3922
578 234 612 242 -
649 203 690 256 ΙΒ
728 233 763 241 -
1114 203 1180 269 231

161 327 400 414 ἀναπέμπουσι.
462 339 532 407 τοῖς
569 328 599 394 δ’
623 327 660 395 έκ
695 337 756 394 τοῦ
793 329 974 414 συνεδρίου
1010 327 1072 414 οὐχ
1108 330 1183 414 (ἡ)

160 436 257 521 ὁμοία
284 436 429 524 παρέστη
457 434 552 521 δόξα,
580 432 665 502 ἀλλά
687 445 757 514 τοίς
779 435 841 519 μέν
863 434 972 503 ἐδόκει
993 438 1184 522 πανοῦργός

158 567 209 622 τις
245 537 334 610 εἶναι
362 544 418 610 καὶ
451 545 531 629 γόης
562 542 582 609 ὁ
617 544 790 629 Τυρρηνὸς
824 543 880 608 καί
914 543 1184 622 καταψεύδεσθαι

158 653 219 718 τὸῦ
242 652 419 735 δαιμονίου
441 651 483 716 τά
504 651 582 737 περὶ
599 652 660 716 τὸν
677 652 837 736 χρησμόν,
854 659 925 727 τοίς
943 647 974 714 δ’
993 647 1059 715 ἀπὸ
1077 650 1184 736 πάσης

159 759 320 844 ἀληθείας
357 756 531 845 εἰρηκέναι.
591 755 665 844 (16)
693 757 751 824 Ἐν
786 757 924 848 τοιαύτη
959 757 992 821 δ’
1018 730 1227 860 ἀμηχανίρ2ὅ

158 877 216 951 της
243 868 369 950 βουλῆς
394 865 609 951 ὑπαρχούσης
636 874 790 951 παρῆσαν
818 865 850 930 οί
878 863 1184 950 προαποσταλέντες

159 973 207 1050 εἰς
229 975 388 1058 Δελφοὺς
410 973 599 1059 θεόπροποι
623 974 792 1058 χρησμοὺς
813 973 1002 1054 κομίζοντες
1024 981 1095 1048 τοῖς
1115 970 1183 1037 ἀπὸ

158 1087 219 1145 τοῦ
234 1085 410 1166 Τυρρηνοῦ
431 1080 596 1165 πρότερον
615 1076 875 1165 ἀπηχχελμένοις
893 1075 1113 1166 συνᾴδοντας·
1133 1078 1184 1144 ὅτι

53 1225 58 1233 ·
158 1184 236 1252 θεολ
262 1185 319 1251 καί
342 1186 504 1269 δαίμονες
525 1187 559 1252 οί
581 1188 738 1271 λαχόντες
760 1187 822 1270 τὴν
848 1184 1061 1251 Οὐιεντανῶν
1083 1187 1184 1251 πόλιν

158 1296 322 1358 τοσοῦτον
345 1293 459 1371 αὐτοῖς
481 1291 667 1378 ἐγγυῶνται
689 1294 814 1380 χρόνον
837 1291 1020 1358 ἀτέλευτον
1039 1290 1228 1378 φυλάξαιτο

159 1400 222 1483 τὴν
244 1397 281 1464 ἐκ
303 1401 481 1485 προγόνων
504 1400 758 1484 παραδοθεῖσαν
781 1397 1009 1483 εὐδαιμονίαν,
1037 1398 1119 1465 ὅσον
1141 1397 1184 1464 ἀν

160 1505 362 1588 διαμένωσιν
389 1507 424 1572 αί
450 1507 554 1592 πηγαί
576 1517 634 1593 τῆς
656 1505 694 1574 έν
713 1503 862 1594 Ἀλβανφ
886 1507 1004 1592 λίμνης
1026 1505 1184 1590 ὑπερχεό-

159 1633 256 1694 μεναι
278 1612 334 1677 καί
351 1612 447 1700 μέχρι
464 1613 632 1699 θαλάττης
645 1611 888 1700 ,ἀπορρέουσαν
911 1613 993 1680 ὅταν
1011 1609 1042 1677 δ’
1060 1610 1184 1678 ίκείναι
1202 1610 1223 1675 3

161 1717 267 1804 φύσιν
284 1741 320 1784 τε
341 1721 404 1805 την
417 1718 547 1788 έαντῶν
559 1721 615 1786 καὶ
638 1720 739 1798 ὁδοὺς
756 1721 815 1798 τὰς
833 1717 972 1807 ἀρχαίας
990 1718 1184 1786 ἐκλιποῦσαι

48 1881 52 1889 .
115 1889 118 1895 ,
159 1822 239 1892 καθ’
270 1823 383 1914 έτέρας
424 1825 642 1914 έκτραπίοσιν,
683 1829 728 1906 ὡς
767 1828 882 1912 μηκέτι
921 1829 1103 1912 μίσγεσθαι
1142 1834 1183 1912 τη
1202 1844 1228 1886 ιε
1328 1817 1329 1820 '

159 1933 323 2025 θαλάττη,
345 1936 419 2001 τότε
441 1935 498 2002 καί
515 1937 577 2021 τὴν
595 1937 696 2003 πόλιν
710 1935 821 2002 αὐτῶν
836 1932 1022 2002 ἀνάστατον
1037 1930 1183 2000 έσεσθαι·

159 2048 258 2107 τοῦτο
291 2037 322 2106 δ’
345 2043 408 2108 οὐκ
440 2044 488 2122 είς
519 2045 650 2130 μακρὰν
678 2043 745 2108 ὑπὸ
772 2040 939 2124 Ῥωμαίων
970 2043 1183 2124 γενησεσθαι,

159 2145 218 2214 ίάν
246 2147 411 2234 ὀρύγμασι
439 2149 518 2216 καθ’
536 2150 631 2236 ἕτερα
657 2151 762 2234 χωρία
787 2146 979 2232 γενομένοις
1002 2145 1184 2232 έκτρέψωσι

158 2256 220 2338 την
265 2258 466 2341 πλήμμυραν
506 2265 575 2321 τῶν
614 2255 748 2321 ἀδάτων
789 2255 837 2330 είς
881 2254 922 2319 τά
966 2254 1081 2338 πρίσω
1126 2262 1184 2338 τῆς

158 2360 327 2446 θαλάττης
358 2361 464 2427 πεδία.
514 2369 618 2426 ταῦτα
646 2363 813 2444 μαθόντες
840 2360 874 2426 οί
892 2357 1050 2443 Ῥωμαῖοι
1075 2360 1183 2439 εὐθὺς
1202 2381 1229 2421 ιο

14 2490 24 2538 ⁸,
160 2465 345 2552 ἐπέστησαν
367 2477 438 2546 τοῖς
460 2464 571 2554 ἔργοις
592 2469 672 2546 τοὺς
693 2466 910 2554 χειροτέχνας.
956 2467 1065 2534 Ανιάν.

230 2572 318 2640 XIIL
342 2573 416 2663 (17)
440 2572 496 2652 Ὡς
523 2574 561 2642 δὲ
587 2571 679 2641 ταῦτ’
696 2577 846 2660 ἤκουσαν
876 2573 1075 2641 Οὐιεντανοί
1101 2571 1179 2659 παρ’

160 2681 368 2767 αἰχμαλώτου
407 2684 514 2767 τινός,
555 2680 855 2770 ἐπικηρυκεύεσθαι
893 2683 978 2768 πρὸς
1013 2684 1092 2760 τοὺς
1124 2702 1183 2747 πο-

33 2864 35 2869 ,
160 2793 376 2875 λιορκοῦντας
415 2791 543 2874 ἤθελον
578 2790 655 2876 περὶ
690 2789 899 2866 καταλύσεως
930 2797 991 2855 τοῦ
1024 2787 1183 2873 πολέμου,

159 2895 241 2981 πρὶν
264 2895 390 2963 ἀλῶναι
415 2897 499 2962 κατά
521 2896 641 2982 κράτος
662 2899 725 2982 την
747 2898 858 2980 πόλιν,
884 2896 941 2962 καί
964 2891 1183 2960 ἀποδείκνυν-
1201 2915 1228 2956 ει

42 2997 45 3004 ’
160 3026 214 3068 ται
253 3001 408 3090 πρέσβεις
449 3004 482 3068 ολ
519 3003 748 3089 πρεσβύτατοι.
809 2997 1109 3087 ἀπονηφισαμένης
1145 3001 1222 3068 δέ2

222 3255 247 3327 Ι1
274 3249 292 3319 η
318 3249 383 3304 αδδ.
402 3249 504 3335 §truvo
585 3255 619 3304 10
642 3248 776 3319 φυλάξειν
800 3248 929 3305 Hertlein
951 3249 1069 3304 Hermos
1086 3247 1112 3301 X
1130 3255 1181 3303 421

161 3326 194 3375 16
220 3317 282 3375 τότε
311 3320 411 3376 αδδίδι
436 3338 471 3377 ex
495 3319 591 3376 Ambr.
614 3320 637 3387 Q
661 3338 714 3376 om.
736 3320 832 3377 Ambr.
854 3322 879 3376 A
952 3325 985 3375 18
1011 3317 1182 3392 χενομένοις]

158 3388 329 3461 ταττομένοις
344 3409 367 3447 ο.
378 3392 478 3449 struve
529 3392 581 3448 19·
590 3393 756 3462 πλημμύραν
770 3392 865 3447 Ambr.
881 3408 1033 3462 omnesque
1047 3391 1182 3458 editores;

159 3463 195 3518 ef.
210 3463 367 3519 Buttmann
385 3463 463 3521 Ausf.
479 3463 665 3534 Spraohlohre
680 3470 695 3518 1
710 3482 738 3534 p.
749 3469 791 3519 85.
807 3469 850 3532 39,
869 3463 983 3520 Lobeok
995 3463 1077 3519 Path.
1092 3480 1120 3532 p.
1131 3467 1182 3517 273
