2662 3920
167 173 212 238 42
597 201 632 208 -
669 173 684 224 Ι
720 201 753 208 -

168 296 280 362 αὐτῶν
298 298 465 374 Λατίνους
483 294 716 382 ἐστράτευσαν,
739 296 784 373 ὡς
804 296 845 362 ού
869 294 1059 379 γενομένων
1077 296 1194 374 αύτοῑς

168 405 252 489 πρὸς
279 401 427 480 ἐκείνους
455 402 640 486 ὁμολογιῶν
667 403 744 489 περί
769 404 891 487 φιλίας.
935 404 1047 487 ἡγεῖτο
1073 403 1111 468 δέ
1133 413 1194 488 τῆς

169 519 323 592 στρατιᾶς
360 510 509 596 Γράγχος
547 513 700 595 Κοίλιος,
741 503 832 594 ἀνὴρ
868 510 1065 596 δραστήριος
1106 509 1192 596 ἀρχῇ

169 617 350 702 κοσμηθεὶς
376 616 609 703 αὐτοκράτορι,
635 618 679 702 ἣν
706 615 761 684 ἐπλ
790 618 828 682 τὸ
855 617 1114 702 βασιλικώτερον
1142 615 1193 694 ἐξ·

139 728 301 810 ιη’γαγεν.
351 722 469 801 ἐλάσας
496 723 534 789 όέ
560 723 656 809 μέχρι
684 724 835 789 Τύσκλου
859 725 1000 807 πόλεως,
1022 724 1066 808 ἣν
1088 725 1193 790 Αἰκα-

169 831 223 896 νοί
252 840 298 918 τῷ
328 832 480 915 πρόσθεν
509 827 650 917 ἐνιαυτῷ
679 832 942 912 καταλαβόμενοι
970 831 1026 896 καί
1053 831 1194 916 διαρπά-

169 954 287 1015 σαντες
317 937 383 1003 ὑπὸ
412 935 578 1020 Ῥωμαίων
610 934 890 1021 ἐξεκρούσθησαν,
923 937 1126 1023 ἀνθρώπους
1157 961 1193 1003 τε

169 1048 314 1123 πολλοὺς
335 1043 372 1111 ἐκ
391 1057 459 1111 τῶν
478 1045 591 1131 ἀγρῶν
610 1047 803 1130 συνήρπασε
823 1043 879 1110 καλ
901 1047 1107 1129 βοσκήματα,
1130 1046 1194 1112 ὅσα

169 1152 342 1236 κατέλαβε,
372 1153 427 1218 καλ
456 1155 535 1228 τοὺς
564 1153 712 1237 καρποὺς
741 1160 799 1234 τῆς
826 1160 886 1236 γῆς
913 1149 951 1218 ἐν
979 1151 1065 1238 ἀκμῇ
1093 1152 1194 1230 όντας

126 1234 338 1363 Ξέφθειρευ.
394 1258 597 1344 ἀφικομένης
620 1257 666 1322 ’όέ
698 1260 889 1342 πρεσβείας,
925 1259 968 1342 ἣν
1001 1258 1193 1324 ἀπέστειλεν
1204 1277 1279 1325 2047

169 1368 189 1451 η
210 1365 375 1450 Ῥωμαίων
398 1367 503 1449 βουλὴ
527 1371 651 1448 μαθεῖν
674 1361 827 1448 ἀξιοῦσα,
850 1367 885 1430 τί
903 1367 1071 1443 παθόντες
1089 1367 1193 1432 Αἰκα·

170 1474 224 1539 νοέ
256 1479 438 1556 πολεμοῦσι
473 1481 544 1550 τοῖς
573 1469 740 1552 Ῥωμαίων
776 1472 973 1557 συμμάχοις,
1010 1475 1124 1558 φιλίας
1159 1469 1188 1537 τ’

170 1581 283 1658 αύτοίς
306 1579 541 1662 ὀμωμοσμένης
563 1579 683 1644 νεωστὶ
706 1579 762 1644 καλ
785 1578 924 1656 ούόενὸς
946 1578 984 1646 ἐν
1004 1591 1050 1666 τῷ
1071 1577 1192 1664 μεταξὺ

170 1689 279 1774 χρόνφ
315 1685 498 1769 γενομένου
535 1686 829 1771 προσκρούσματος
865 1696 935 1763 τοίς
971 1683 1101 1771 ἔθνεσι,
1138 1688 1193 1752 καί

21 1821 24 1830 ·
127 1816 153 1857 ιι
171 1794 397 1879 παραινούσης
426 1804 471 1879 τῷ
502 1795 629 1880 Κοιλίφ
658 1792 737 1869 τούς
766 1789 795 1856 τ’
823 1793 1050 1878 αἰχμαλώτους
1082 1794 1193 1860 αὐτῶν

135 1977 143 1994 ·
171 1901 230 1979 οὓς
258 1895 345 1986 είχεν
368 1899 504 1985 ἀφιέναι
530 1899 586 1965 καλ
608 1899 670 1983 την
694 1899 852 1984 στρατιάν
875 1896 1017 1984 ἀπάγειν
1039 1901 1095 1966 καί
1117 1901 1194 1986 περὶ

171 2004 219 2075 ὧν
236 2007 433 2093 ἠδίκησενῆ
456 2006 641 2089 κατέβλαψε
665 2006 878 2084 Τυσκλάνους
901 2007 999 2091 δίκην
1022 2006 1193 2092 ὑποσχεῖν,

170 2118 279 2182 πολὺν
305 2115 367 2200 μὲν
393 2116 518 2201 χρόνον
546 2113 714 2198 διέτριψεν
741 2113 760 2178 ό
789 2113 939 2199 Γράγχος
966 2111 1040 2180 οὐδ’
1062 2115 1110 2191 είς
1139 2117 1194 2182 λό·

170 2248 251 2308 γους
274 2233 344 2301 τοῖς
366 2225 584 2307 πρεσβευταῖς
607 2219 798 2305 ἐρχόμενος,
826 2221 871 2298 ὡς
898 2219 935 2286 ἐν
959 2216 1129 2306 ἀσχολίαις
1151 2222 1193 2306 δη

170 2347 237 2395 τισι
269 2331 421 2414 γεγονώς.
477 2327 549 2394 ἐπελ
581 2323 612 2392 δ’
639 2321 703 2392 οὖν
740 2324 853 2406 ἐόοξεν
890 2326 979 2416 αὐτῷ
1011 2328 1194 2413 προσάγειν

171 2439 249 2513 τοὺς
280 2435 450 2519 πρέσβεις,
481 2431 630 2500 κάκεῖνοι
661 2438 741 2512 τοὺς
772 2433 1006 2512 ἐπισταλέντας
1037 2434 1104 2501 ύπὸ
1136 2445 1194 2520 της

171 2546 295 2626 βουλῆς
320 2543 441 2626 λόγους
469 2539 660 2624 διεξῆλθον·
690 2540 866 2624 (θαυμάζω,
895 2543 1010 2626 φησίν,
1033 2541 1138 2626 ὑμῶν,
1166 2538 1192 2608 ὦ

168 2647 332 2732 Ῥωμαῖοι,
364 2651 398 2713 τί
428 2648 470 2732 δή
500 2643 572 2711 ποτ’
598 2646 693 2711 αύτοί
722 2646 783 2728 μέν
813 2647 961 2724 ἅπαντας
990 2645 1194 2733 ἀνθρώπους

170 2758 309 2841 ἡγεῖσθε
327 2756 516 2837 πολεμίους,
534 2753 590 2817 καλ
607 2751 667 2836 ὑφ’
685 2745 733 2817 ὧν
751 2753 853 2818 ούόὲν
870 2756 974 2820 κακὸν
992 2758 1193 2839 πεπόνθατε,

127 2884 153 2924 ιι
172 2861 275 2948 ἀρχῆς
291 2863 347 2928 καὶ
365 2861 566 2946 τυραννίδος
585 2858 691 2942 ἕνεκα,
709 2860 870 2938 Αλκανοίς
888 2858 919 2927 δ’
933 2863 974 2928 ού
994 2873 1194 2949 συγχωρεῖτε

171 2972 260 3056 παρά
296 2969 439 3036 τουτωνί
478 2967 680 3033 Τυσκλάνων
714 2964 847 3052 ἐχθρῶν
882 2969 990 3035 όντων
1027 2967 1194 3057 ἀναπράτ-

171 3084 290 3143 τεσθαι
317 3078 425 3160 όίκας,
453 3075 597 3152 οὐθενὸς
618 3074 699 3158 ἡμῖν
722 3073 1013 3160 διωμολογημένον
1035 3078 1112 3164 περί
1135 3079 1194 3143 αύ-

133 3185 248 3268 λτῶν,
273 3184 327 3250 ὅτε
344 3185 403 3260 τάς
420 3184 503 3269 πρὸς
525 3181 611 3265 ὑμᾶς
634 3181 839 3263 ἐποιούμεθα
862 3186 1042 3267 συνθήκας.
1080 3186 1110 3250 εί
1132 3185 1193 3267 μὲν

131 2296 151 2358 6

127 2384 153 2424 20

244 3330 259 3376 2
283 3332 331 3394 τῆς
354 3321 498 3391 στρατείας
522 3322 544 3377 O
568 3323 682 3390 praeter
702 3321 724 3374 Β
798 3321 954 3392 θγράγχος
971 3323 1024 3376 ΑΒ
1048 3327 1134 3392 atque
1153 3325 1193 3380 sio

173 3412 283 3464 semper
346 3400 380 3449 10
399 3393 545 3464 ἔφθειρεν]
565 3391 665 3460 ἔφερεν
683 3393 709 3445 Α
774 3397 807 3446 16
827 3409 923 3460 στρατι
941 3395 988 3447 Ba
1010 3415 1046 3449 αν
1066 3395 1130 3450 add.
1146 3396 1192 3449 Bb

173 3473 207 3521 23
225 3466 356 3536 τιδηποτε
375 3466 397 3518 Β
471 3471 505 3518 26
523 3461 690 3535 τουτων<λ>
705 3461 752 3515 Bb
