2662 3920
169 211 210 274 16
606 237 640 246 -
678 209 692 260 1
730 236 763 246 ··

167 343 376 420 παρασκευῆς
395 334 416 400 ἀ
435 332 679 420 παρηγγέλλετο
702 333 815 411 αὐτοῖς
837 333 903 400 ὑπὸ
924 343 992 400 τῶν
1011 333 1191 419 δημάρχων
1305 266 1306 342 δ

167 443 249 507 κατά
272 442 465 526 συστροφὰς
486 441 690 525 λαλούντων,
708 451 776 506 τῶν
794 440 846 524 δέ,
865 439 886 504 δ
904 439 1046 522 μάλιστα
1064 438 1191 506 έδεδοί-
1306 454 1307 536 η

167 564 269 614 κεσαν
290 549 335 632 μη
358 547 508 632 γένηται,
531 557 634 614 ταῦτα
656 549 701 626 ὡς
724 547 955 631 ἀπηγγελμένα
976 556 1047 624 τοῖς
1067 547 1189 632 δημάρ
1306 539 1307 598 ί

127 657 147 720 6
166 679 238 741 χοις
261 656 437 738 λεγόντων.
483 652 547 740 έφη
573 652 604 720 δ’
631 655 650 722 δ
672 654 734 738 μέν
756 677 806 732 τις
829 655 999 732 Αἰκανοὺς
1021 655 1077 720 καί
1103 653 1190 723 0130-
1307 681 1308 712 ι

136 763 332 840 ιλοόσκους
360 760 628 844 ὑποδεξαμένους
654 764 814 828 Καίσωνα
841 764 1003 828 Κοίντιον
1031 766 1092 830 τὸν
1121 766 1187 834 ὑπὸ
1308 830 1309 846 ,

166 879 226 934 τοῦ
257 870 364 954 δημου
394 868 680 935 καταδικασθέντα
706 866 855 958 ᾑρῆσθαι
882 874 1068 956 στρατηγὸν
1091 871 1277 948 αδτο-εοοε

166 977 311 1062 κράτορα
341 987 409 1042 τῶν
439 975 553 1042 έθνῶν
581 977 637 1041 καί
666 976 791 1052 πολλάς
820 976 979 1059 δυνάμεις
1009 976 1188 1066 ἀγείραντα

166 1084 299 1166 μέλλειν
321 1083 376 1150 έπί
398 1085 460 1167 την
478 1081 604 1167 Ῥώμην
626 1081 793 1150 ἐλαύνειν·
817 1081 835 1148 ὁ
858 1083 898 1149 δέ
918 1106 968 1162 τις
991 1083 1056 1152 ἀπὸ
1074 1099 1189 1174 κοινῆς

166 1191 299 1276 γνώμης
321 1203 389 1257 τῶν
411 1193 594 1276 πατρικίων
616 1191 676 1255 τὸν
699 1190 807 1274 ἀνδρα
824 1191 1028 1275 κατάγεσθαι
1046 1193 1189 1273 ξενικαῖς

122 1318 148 1358 ιο
166 1297 360 1382 δυνάμεσιν,
390 1300 446 1364 ἵνα
474 1300 495 1382 ἡ
527 1299 659 1381 φυλακὴ
689 1300 893 1388 καταλυθείη
915 1309 981 1364 νῦν
1004 1325 1039 1366 τε
1062 1303 1118 1368 καί
1141 1304 1189 1382 είς

166 1407 225 1470 τὸν
249 1407 367 1472 λοιπὸν
389 1408 514 1491 χρόνον
534 1415 602 1470 τῶν
620 1405 820 1488 δημοτικῶν·
843 1404 862 1470 δ
881 1405 921 1470 δέ
937 1429 986 1484 τις
1005 1408 1065 1493 οὐχ
1084 1409 1188 1475 ἀπαν-

166 1536 223 1588 τας
253 1507 340 1579 εἶναι
368 1516 447 1589 τοὺς
476 1513 669 1597 πατρικίους
693 1508 757 1596 ἔφη
781 1515 859 1589 τοὺς
882 1522 986 1578 ταῦτα
1008 1517 1188 1598 βεβουλευ-

128 1619 302 1703 λμένους,
332 1619 416 1684 ἀλλά
444 1621 569 1702 μόνους
598 1621 677 1695 τοὺς
706 1618 812 1696 νέους.
859 1617 1007 1702 ἐτόλμων
1035 1622 1075 1688 δέ
1100 1647 1188 1701 τινες

167 1726 286 1810 λέγειν,
314 1727 365 1792 ὅτι
392 1726 447 1790 καί
475 1725 568 1802 ἐντὸς
590 1737 648 1810 τῆς
671 1727 798 1802 πόλεως
821 1725 839 1790 ό
863 1725 947 1812 ἀνὴρ
971 1727 1022 1811 είη
1045 1733 1188 1814 κρυπτό-

122 1853 147 1893 15
165 1857 265 1917 μενος
295 1833 351 1898 καί
382 1832 497 1915 μέλλοι
527 1831 842 1914 καταλαμβάνεσθαι
871 1843 938 1898 τῶν
967 1837 1080 1901 τόπων
1109 1840 1188 1915 τοὺς

166 1939 443 2026 ἐπικαιροτάτους.
489 1939 567 2022 ὅλης
595 1939 633 2004 δὲ
659 1939 922 2025 κραδαινομέυης
944 1939 999 2007 ἐπὶ
1021 1952 1061 2029 τῇ
1084 1960 1188 2027 προσ·

166 2049 263 2136 δοκίηι
292 2057 360 2112 τῶν
389 2047 511 2111 δεινῶν
537 2056 595 2130 της
622 2048 764 2129 πόλεως,
786 2046 842 2111 καί
864 2047 1000 2114 πάντων
1024 2049 1187 2135 ἀλλήλους

166 2154 310 2240 ἐχόντων
338 2151 382 2218 δι’
408 2151 554 2231 ὑποψίας
576 2154 632 2218 καί
655 2158 820 2236 φυλακῆς,
843 2155 876 2218 οἱ
898 2155 960 2236 μὲν
982 2155 1104 2222 ὕπατοι
1125 2159 1187 2242 την

165 2265 294 2347 βουληυ
316 2261 469 2343 ἐκάλουν,
492 2260 525 2324 ολ
549 2260 586 2325 δέ
609 2260 772 2345 δήμαρχοι
794 2264 1020 2346 παρελθόντες
1039 2261 1186 2330 ἐδείκνυ-

122 2387 147 2427 ιο
166 2385 229 2433 σαν
256 2370 296 2433 τά
320 2369 640 2452 προσαγγελλόμενα.
686 2364 730 2452 ἦν
753 2366 791 2432 δὲ
814 2367 832 2432 ὁ
855 2371 934 2445 τοὺς
957 2371 1079 2452 λόγους
1100 2371 1186 2455 ὑπὲρ

166 2475 276 2540 αὐτῶν
298 2475 497 2557 ποιούμενος
517 2469 630 2552 Αὖλος
652 2474 847 2560 Οὐεργίνιος
870 2476 926 2541 καί
950 2473 1038 2554 ἔλεξε
1062 2478 1185 2543 τοιάδε·

236 2582 275 2646 Χ.
298 2578 400 2646 Ὅσον
431 2581 493 2663 μὲν
524 2583 648 2666 χρόνον
680 2561 787 2647 οὐθὲν
818 2580 952 2668 ἀκριβὲς
982 2585 1063 2667 ἡμῖν
1092 2583 1187 2670 ἐφαί

166 2713 241 2755 νετο
282 2700 350 2754 τῶν
390 2687 730 2773 προσαγγελλομένων
773 2689 909 2773 δεινῶν,
953 2689 1037 2756 ἀλλὰ
1081 2701 1187 2777 φῆμαι

165 2795 337 2880 μετέωροι,
365 2796 420 2860 καί
446 2797 484 2861 τὸ
512 2798 699 2878 βεβαίωσον
726 2795 828 2873 αὐτάς
850 2796 958 2861 οὐδὲν
979 2793 1033 2880 ἧν,
1061 2778 1266 2873 ὠκνοῦ-ηοοτ

122 2921 147 2962 ει
165 2927 237 2987 μεν,
269 2899 294 2968 ὦ
327 2906 448 3036 βουλη,
481 2902 598 2988 φέρειν
629 2904 709 2979 τοὺς
739 2903 816 2987 περὶ
848 2903 959 2969 αὐτῶν
991 2905 1113 2987 λόγους
1140 2884 1194 2980 είς

166 3012 278 3094 μέσον,
318 3010 462 3096 ταραχάς
501 3033 536 3074 τε
577 3009 821 3085 ὑποπτεύοντες
860 3006 997 3075 ἔσεσθαι
1033 3010 1186 3094 μεγάλας,

239 3158 252 3204 1
272 3147 474 3220 παρηγγέλλετο
488 3150 541 3204 ΑΒ
560 3151 731 3220 παρηγγελτο
746 3149 801 3217 R(
802 3151 812 3219 )
868 3155 883 3202 ὃ
898 3146 947 3203 τὸν
961 3146 1017 3204 ὑπὸ
1031 3158 1081 3203 τοῦ
1096 3149 1186 3218 δήμου

167 3244 203 3277 κα
184 3219 377 3278 ανταδικαοθέ
361 3242 413 3276 ντα
432 3221 486 3276 del
506 3221 608 3276 Garrer
627 3221 691 3275 obs
711 3239 738 3289 p.
754 3226 787 3274 37
858 3226 872 3274 7
893 3218 1086 3289 ἀγείρανταΟ
1111 3217 1186 3290 ἀγεί-

167 3315 270 3360 ραντας
295 3293 438 3363 Kiessling
512 3298 545 3346 10
568 3289 723 3346 καταλυθεί
762 3291 784 3344 Β
810 3291 1001 3362 καταλυθῂλά
1074 3297 1107 3345 16
1130 3300 1185 3346 τῶν

166 3362 259 3420 τόπων
277 3365 312 3419 τά
331 3361 573 3432 έπιααιρόταταο.
590 3363 692 3417 Garrer
707 3312 806 3430 Οάιεη)
809 3368 861 3416 ,62
929 3369 962 3416 16
981 3362 1186 3435 κραδ<αι>νο-

167 3433 311 3562 μένηςΒὶΞ
363 3442 395 3490 19
415 3431 642 3504 παρελθόντεςΒ
661 3431 903 3501 προσελθόντεςΑ
954 3438 987 3485 25
1006 3433 1046 3494 εἰς
1065 3430 1185 3501 μέσονΒ

168 3504 252 3568 εἰς
225 3527 256 3562 το
275 3528 294 3577 μ
310 3525 358 3562 σον
378 3508 403 3560 R
