2662 3920
593 237 627 244 ··
664 210 679 258 Ι
715 237 748 246 -·
1137 215 1178 278 19

230 329 286 396 XI.
314 329 372 396 Ἐν
404 332 552 419 τοσούτῳ
584 333 626 417 δή
658 333 806 421 κινδύνῳ
824 335 1039 414 σαλεύοντες
1078 337 1179 404 ίκέται

158 440 324 524 γινόμεθα
351 437 457 522 ὑμῶν,
489 435 515 504 ὦ
545 439 696 526 πατέρες,
728 439 982 525 ἐπισκήπτοντες
1010 445 1120 522 θεούς,
1143 468 1178 510 τε

158 545 213 642 καὶ
243 545 417 630 δαίμονας,
449 538 500 623 οἷς
530 555 627 632 κοινή
656 547 797 632 θύομεν,
829 549 884 614 καί
913 549 1067 638 πολέμων
1098 551 1179 616 ύπο-

157 655 412 737 μιμνήσκοντες,
449 651 508 730 οὓς
543 656 689 731 πολλούς
719 655 775 720 καί
806 655 970 739 μεγάλους
1002 660 1066 723 σὺν
1098 657 1179 742 ύμῖν

157 759 325 844 ἠράμεθα,
365 761 409 844 μή
450 761 614 846 περιιδεῖν
653 761 724 842 ὠμά
760 762 816 830 καί
853 762 972 830 ἀνόσια
1008 764 1074 830 ύπὸ
1111 777 1178 832 τῶν
1211 787 1223 827 ι

158 865 291 952 ἐχθρῶν
317 869 491 944 παθόντας
516 869 615 950 ἡμᾶς,
648 864 719 932 ἀλλ’
747 867 915 951 ἐπαμῦναί
944 893 979 935 τε
1011 871 1067 936 καί
1099 888 1179 936 συν-

159 983 382 1057 αγανακτήσαι
399 975 557 1058 τιμωρίας
574 974 655 1058 ήμῑν
673 973 977 1061 συνεισπράξαντας
999 979 1089 1064 παρά
1111 989 1179 1046 τῶν

158 1088 261 1146 ταῦτα
287 1081 566 1164 βουλευσαμένων
592 1082 650 1158 τὰς
677 1083 922 1168 προσηκούσας,
949 1084 1090 1166 μάλιστα
1117 1085 1182 1168 μὲν

158 1189 247 1273 παρά
274 1188 419 1272 πάντων,
447 1189 477 1253 εί
504 1188 542 1253 δὲ
568 1191 613 1272 μή
641 1211 692 1272 γε,
720 1192 809 1275 παρά
836 1202 904 1256 τῶν
927 1189 1099 1277 ἀρξάντων
1121 1203 1179 1277 τῆς

158 1293 320 1377 ἀθεμίτου
353 1297 570 1379 συνωμοσίας
620 1307 754 1381 πρωτον
786 1297 824 1362 δὲ
855 1297 990 1364 πάντων
1023 1275 1223 1404 ἀξιοῦμεν120

157 1401 257 1485 ὑμᾶς,
280 1397 305 1466 ὦ
325 1405 446 1486 βουλή,
469 1404 684 1487 ψηφίσασθαι
706 1413 855 1533 πρᾶγμα,
878 1405 959 1489 ὅπερ
982 1404 1053 1472 ἐστί
1074 1407 1179 1472 δικαι-

158 1510 288 1592 ότατον,
315 1509 377 1592 τήν
399 1508 484 1594 ὑπὲρ
508 1519 576 1574 τῶν
598 1510 816 1592 μηνυομένων
842 1513 1020 1596 ζήτησιν“
1003 1537 1051 1597 υφ
1055 1511 1179 1597 ’ἡμῶν

157 1625 225 1679 τῶν
253 1615 431 1700 δημάρχων
458 1617 622 1698 γίνεσθαι.
668 1618 768 1702 χωρίς
795 1619 859 1704 γάρ
884 1627 945 1684 τοῦ
968 1620 1100 1686 δικαίου
1123 1621 1179 1686 καί

77 1721 394 1807 2011ἀκριβεστάτας
416 1721 542 1807 ἀνάγκη
565 1725 722 1808 γίνεσθαι
744 1728 905 1810 ζητήσεις,
929 1725 968 1802 ἀς
991 1725 1034 1791 ἀν
1054 1729 1087 1792 οί
1109 1751 1218 1864 κιν-3

159 1828 357 1906 δυνεύοντες
379 1829 464 1915 ὑπὲρ
488 1829 599 1897 αὑτῶν
617 1835 828 1916 ποιήσωνται.
871 1833 900 1897 εί
919 1833 959 1898 δέ
973 1855 1062 1911 τινες
1083 1834 1179 1916 ὑμῶν
1198 1888 1223 1928 15

158 1937 244 2000 εἰσιν
267 1927 335 2001 οίοι
357 1936 440 2025 μηδὲ
457 1934 536 2002 καθ’
553 1937 592 2003 ἐν
610 1939 847 2023 εὐγνωμονεῖν,
870 1937 955 2004 ἀλλά
973 1941 1057 2026 πρὸς
1074 1941 1179 2006 ἀπαν-

158 2065 216 2118 τας
246 2045 325 2120 τούς
360 2043 445 2128 ὑπὲρ
481 2053 542 2108 τοῦ
579 2045 686 2129 δήμου
723 2045 880 2129 λέγοντας
917 2047 1178 2130 ἀντιτάττεσθαι,

157 2149 261 2232 ἡδέως
289 2149 336 2215 ,ἀν
367 2152 541 2234 πυθοίμην
573 2148 650 2238 παρ’
678 2152 801 2235 αὐτῶν,
838 2151 892 2217 ἐπὶ
926 2164 971 2237 τῷ
991 2153 1178 2238 δυσχεραί-

157 2273 256 2322 νουσι
278 2267 346 2322 τῶν
367 2255 572 2340 ἀξιουμένων
594 2258 650 2324 καί
672 2261 707 2324 τί
727 2257 906 2340 μέλλουσιν
924 2258 1009 2340 ὑμᾶς
1032 2262 1176 2326 πείθειν·

157 2366 280 2448 πότερα
309 2365 479 2494 γηδεμίαν
516 2385 589 2429 ποιε
592 2367 739 2442 ίζσθαι
723 2367 871 2448 ζήτησιν,
908 2362 979 2431 ἀλλ’
1006 2365 1178 2452 ὑπεριδεῖν
1197 2390 1223 2430 εο

158 2467 258 2556 ἔργον
286 2470 372 2536 οὕτω
400 2470 484 2554 μέγα
515 2471 585 2536 καί
599 2469 802 2556 μιαρδνέπί
829 2482 874 2557 τήν
903 2473 994 2566 δήμω
1023 2475 1178 2539 συνιστά-

157 2601 273 2660 μενον,
309 2578 365 2642 καί
400 2579 450 2654 τςί
487 2576 530 2642 ἀν
565 2581 644 2655 τοὺς
680 2586 784 2644 ταῦτα
820 2578 977 2662 λέγοντας
1012 2581 1178 2665 ὑγιαίνειν

157 2688 306 2768 φήσειεν,
336 2681 408 2750 ἀλλ’
431 2684 507 2769 οὐχί
534 2685 810 2770 συνδιεφθάρθαι
836 2686 892 2751 καί
918 2698 1094 2752 κοινωνεῖν
1120 2699 1178 2772 τής

158 2793 381 2875 συνωμοσίας,
420 2787 532 2856 ἔπειτα
567 2791 652 2877 ύπέρ
689 2791 801 2858 αὑτῶν
838 2793 1002 2878 δεδιότας,
1042 2796 1097 2860 ἵνα
1133 2798 1177 2880 μή

157 2898 319 2980 γένωνται
345 2908 560 2984 καταφανεῖς,
593 2898 818 2964 ἀποσπεύδων
845 2901 907 2984 τήν
932 2910 991 2984 τής
1018 2901 1177 2985 ἀληθείας
1197 2923 1222 2964 ιε
1325 2915 1326 2918 ’

158 3003 318 3086 έξέτασιν;
350 2997 401 3082 οἷς
432 3005 495 3070 οὐκ
526 3005 569 3071 ἀν
599 3006 733 3084 δικαίως
760 3007 954 3092 προσέχοιτε
981 3008 1090 3091 δήπου
1118 3011 1178 3074 τὸν

158 3120 250 3176 νοῦν.
295 3111 316 3196 ή
343 3123 401 3196 τής
429 3113 638 3196 διαγνώσεως
665 3125 733 3178 τῶν
760 3113 979 3198 μηνυομένων
1005 3116 1075 3287 ούγὶ
1093 3117 1218 3200 ἡμᾶς4

89 3263 91 3268 ,
158 3213 244 3284 εἶναι
271 3221 408 3304 κυρίους
436 3217 645 3304 ἀξιώσουσιν,
673 3220 756 3285 ἀλλά
784 3221 845 3304 τήν
868 3222 997 3305 βουλήν
1019 3223 1178 3300 καὶτοὺς

230 3365 246 3413 2
260 3357 402 3430 γενόμεθα
416 3360 441 3412 A
491 3359 815 3433 6ουναγαναατήσ<αι>
830 3360 876 3414 Bb
928 3367 961 3414 12
976 3359 1139 3430 μηνυόντων
1152 3363 1177 3414 A

160 3435 192 3484 15
211 3431 345 3484 αύτῶνΒ
419 3436 452 3484 19
471 3431 543 3500 ἡμᾶς
561 3431 613 3484 ΑΒ
637 3433 709 3500 ὑμᾶς
730 3432 873 3502 Kiessling
948 3439 981 3486 23
1005 3434 1054 3486 καὶ
1079 3450 1131 3487 om.
1153 3433 1176 3485 B

159 3507 193 3555 24
212 3501 345 3556 αύτῶνΒ
423 3508 456 3554 27
481 3511 557 3556 νοῦν.
587 3503 612 3556 εί
635 3501 665 3556 δὲ
689 3501 804 3572 μήπου
827 3511 875 3572 τής
894 3505 919 3556 Α
942 3513 1019 3560 νουν
1047 3502 1176 3574 ἢτήςΒ

983 3611 1016 3661 2*
