2656 3932
549 231 583 240 -
620 204 660 255 ΙΑ
697 231 731 240 -
1087 203 1149 267 141

130 323 267 412 ἔχοντας
295 327 399 393 αὐτὸν
422 337 620 412 σωφρονεῖν.
666 326 749 393 ἀλλά
776 329 835 406 τὰς
861 327 922 412 μέν
944 328 1073 394 τούτων
1097 351 1152 412 φι-

130 435 296 511 λονεικίας
323 431 439 500 ἐάσατε
466 436 605 520 χαίρειν,
632 434 653 500 ἃ
681 434 719 500 δέ
744 435 972 520 ψηφισάμενοι
993 443 1033 521 τῇ
1057 435 1152 500 πόλει

129 543 275 626 σοιτηρια
297 541 354 607 καί
375 540 457 625 ὑμῖν
475 541 588 619 αὐτοῖς
606 545 817 628 προσήκοντα
835 538 954 610 ἔσεσθε
972 543 1151 624 βεβουλευ-

129 645 225 730 μένοι
242 647 299 713 καί
315 657 386 726 τοῖς
404 645 540 733 ἐχθροῖς
558 649 701 734 φοβεροί,
724 647 789 733 ἐγὼ
811 648 1009 735 πειράσομαι
1032 645 1150 733 λέγειν.

129 762 195 820 νῦν
224 754 286 838 μέν
314 755 375 820 τὸν
403 755 487 840 πρὸς
515 757 687 834 Αἰκανοὺς
717 756 773 822 καί
802 757 974 840 Σαβίνους
1004 732 1191 861 πόλεμονέ

129 859 356 947 ἐπικυρώσατε
390 862 446 928 καλ
481 864 539 940 τὰς
575 863 732 946 δυνάμεις
767 864 848 947 μετὰ
883 864 1039 946 πλείστης
1069 881 1151 947 προ-

128 970 256 1051 θυμίας
281 969 338 1034 καί
365 969 513 1054 σπουδῆς
535 969 762 1056 καταγράφετε
783 971 842 1048 τὰς
869 967 920 1036 ἀπ’
942 967 1150 1055 ἀμφοτέρους

129 1071 390 1159 ἐξελευσομένας.
438 1077 518 1144 ὅταν
548 1077 586 1143 δὲ
614 1078 655 1144 τό
683 1085 743 1144 τοῦ
773 1075 919 1159 πολέμου
948 1075 1042 1154 τέλος
1070 1076 1150 1160 ἡμῖν

128 1184 168 1248 τὸ
194 1183 371 1269 κράτιστον
398 1183 498 1274 λόβη,
524 1184 580 1249 καί
608 1183 861 1270 ἀναστρέψωσιν
888 1184 935 1260 εἰς
961 1184 1023 1268 την
1050 1184 1150 1248 πόλιν

129 1290 165 1356 αλ
197 1290 354 1372 δυνάμεις
386 1291 519 1376 εἰρήνης
550 1290 745 1376 γενομένης,
780 1292 855 1356 τότε
890 1291 946 1356 καί
981 1289 1058 1375 περὶ
1089 1297 1149 1354 τοῦ
1169 1314 1195 1354 ιο

128 1398 256 1481 κόσμου
285 1406 343 1482 της
372 1399 538 1475 πολιτείας
569 1408 734 1482 σκοπεῖτε,
765 1398 821 1464 καί
853 1399 956 1482 λόγον
985 1396 1149 1464 ἀπαιτεῖτε

43 1523 118 1573 εεοο
126 1507 208 1582 τοὺς
235 1503 315 1570 δέκα
341 1505 418 1590 περί
445 1504 590 1590 πάντων,
620 1498 669 1570 ὧν
695 1502 751 1570 ἐπί
777 1514 836 1589 τῆς
863 1507 965 1591 ἀρχῆς
994 1500 1149 1588 ἔπραξαν,

127 1611 185 1678 καί
211 1610 289 1689 νέας
316 1611 418 1696 ἀρχὰς
444 1621 674 1698 ψηφοφορεῖτε
700 1612 756 1678 καλ
783 1612 978 1698 δικαστήρια
999 1612 1150 1688 καθίζετε

126 1718 185 1784 καί
216 1727 328 1801 τιμᾶτε
359 1721 438 1797 τοὺς
469 1717 627 1804 ἑκατέρου
658 1719 787 1784 τούτων
818 1717 947 1802 ἀξίους,
978 1718 1060 1784 ὅταν
1091 1713 1145 1802 ἐφ’

127 1825 210 1908 ὑμῖν
238 1824 373 1910 γένηται
401 1823 495 1891 ταῦτ’
518 1825 704 1912 ἀμφότερα,
733 1828 899 1908 μαθόντες
928 1826 980 1892 ὅτι
1009 1825 1050 1892 οὐ
1080 1833 1150 1902 τοῖς
1166 1847 1193 1888 ιι

127 1931 319 2016 πράγμασιν
348 1933 381 1998 οἱ
409 1933 520 2019 καιροί
549 1933 781 2017 δουλεύουσιν,
810 1933 894 1999 ἀλλά
923 1943 993 2011 τοῖς
1021 1941 1149 2020 καιροῖς

127 2042 169 2106 τὰ
192 2039 374 2126 πράγματα.
425 2039 556 2124 Ταύτην
583 2037 843 2123 ἀποδειξαμένου
866 2042 1060 2126 Κορνηλίου
1087 2040 1188 2124 τηνὸ

127 2147 265 2232 γνώμην
288 2147 321 2212 ολ
343 2143 413 2230 μετ’
430 2144 560 2213 ἐκεῖνον
583 2147 795 2230 ἀνιστάμενοι
817 2147 918 2232 χωρίς
940 2146 1064 2230 ὀλίγων
1091 2155 1149 2231 τῆς

128 2253 231 2338 αὐτῆς
253 2252 408 2338 ἐγένοντο
430 2253 666 2340 προαιρέσεως·
696 2255 728 2319 ολ
750 2253 812 2336 μέν
835 2253 998 2337 ἀναγκαῖα
1024 2253 1080 2318 καί
1102 2263 1147 2339 τῷ

127 2362 270 2446 παρόντι
314 2371 417 2447 καιρῷ
463 2369 566 2426 ταῦτα
605 2364 816 2446 προσηκοντα
856 2359 1148 2444 ὑπολαμβάνοντες
1166 2383 1193 2424 ιο

127 2462 229 2551 εἶναι,
256 2468 290 2534 οί
317 2465 349 2532 δ’
365 2467 704 2550 ὑποκατακλινόμενοι
725 2467 781 2532 καί
803 2467 1047 2553 θεραπεύοντες
1069 2472 1148 2546 τοὺς

127 2575 208 2642 δέκα
230 2585 276 2661 τῷ
300 2576 395 2663 φόβῳ
418 2585 476 2660 τῆς
498 2574 607 2660 ἀρχῆς.
652 2571 696 2660 ἦν
718 2573 782 2660 γάρ
804 2597 837 2640 τι
864 2575 921 2640 καί
947 2577 1148 2661 κατεπτηχὸς

126 2683 190 2766 τὴν
216 2679 372 2760 ἐξουσίαν
394 2681 456 2747 οὐκ
483 2679 655 2766 ἐλάχιστον
680 2681 779 2769 μέρος
806 2680 843 2748 ἐκ
869 2693 937 2748 τῶν
965 2681 1147 2770 συνέδρων.

199 2787 334 2854 XVIIII.
353 2786 408 2866 Ὡς
435 2786 467 2854 δ’
484 2790 520 2854 αλ
546 2790 682 2866 πλείους
708 2799 838 2873 γνῶμαι
865 2789 1147 2876 διηγορεόθησαυ,

128 2895 185 2960 καί
211 2897 299 2981 παρὰ
326 2897 413 2962 πολὺ
439 2905 574 2982 κρατεῖν
601 2893 742 2962 ἐδόκουν
765 2897 798 2962 ολ
824 2897 884 2962 τὸν
907 2897 1053 2979 πόλεμον
1078 2893 1147 2961 ἐπι·
1165 2916 1191 2958 ιε

200 3112 216 3161 3
241 3108 308 3178 ἡμῖν
331 3107 379 3162 LV
452 3113 467 3161 '1
494 3105 639 3177 ἀμφοτέρα
620 3128 665 3170 αις
688 3107 711 3163 Ο
737 3124 806 3163 corr.
828 3107 950 3200 sylburg
1023 3112 1038 3162 9
1062 3107 1115 3179 λάβ
1097 3108 1146 3233 {In}

126 3177 248 3270 λάβοιΙι
318 3185 350 3233 11
370 3180 518 3234 ἀπαιτεῖτα
520 3186 607 3241 ιτοῖς
622 3179 648 3232 V
716 3185 785 3234 13κ
786 3177 933 3244 αθίιιῐετε
934 3179 1049 3250 αμᾶλτι
1049 3199 1114 3234 τειι

126 3249 253 3316 κολάζετε
273 3267 296 3304 ο
311 3249 450 3305 Βεὶελιοκ
451 3248 562 3316 notem
580 3270 618 3304 κα
599 3250 813 3320 τιμωρεῖσθαί
831 3271 869 3306 κα
850 3251 989 3320 αλτιμᾶτε
1003 3251 1147 3320 Kiessling

126 3324 227 3377 neuter
245 3321 314 3390 quid
332 3320 418 3376 verba
435 3321 523 3376 velint
541 3321 683 3392 intellegit
738 3327 770 3378 17
789 3322 840 3392 τὴν
859 3321 950 3376 οιιι,Ιι
1006 3327 1040 3377 λθ
1058 3331 1127 3377 ταῖτ
1127 3341 1146 3375 α

126 3409 180 3447 οιιι.
206 3391 226 3447 O
299 3397 333 3447 28
360 3389 443 3462 μέρος
467 3401 522 3447 τῶν
545 3392 565 3447 G
638 3399 672 3448 24
699 3393 896 3465 ήγορεόθησαν
924 3409 947 3448 ο
967 3392 1055 3448 Cobet
1080 3392 1145 3448 Obs
