2668 3922
583 247 768 298 -εν-
929 215 932 220 ’
1119 242 1185 308 243

166 375 244 444 καθ’
261 375 302 441 δν
326 373 494 458 ἀνέβησαν
518 373 551 437 ολ
571 373 704 455 Κελτοί,
727 373 887 456 ζητῆσεως
910 367 1091 453 γενομένης
1114 367 1132 432 ὅ
1155 389 1187 431 τι

166 485 228 569 χρῆ
252 492 371 565 ποιεῖν,
395 482 416 564 ῆ
440 479 502 562 μέν
524 480 630 564 βουλῆ
653 478 805 544 θάνατον
828 475 985 543 ἁπάντων
1006 475 1188 559 κατεψηφί-

168 607 262 674 σατο,
295 589 313 655 ὁ
346 589 384 654 δέ
416 587 519 672 δῆμος
548 584 786 671 ἐπιεικέστερος
815 586 993 670 γενόμενος
1024 581 1099 659 ένὸς
1127 590 1187 646 τοῦ

167 699 329 782 ἡγεμόνος
351 695 463 761 αὐτῶν
484 692 633 778 ἠρκέσθη
657 701 697 778 τῆ
721 690 862 756 κολάσει.
904 691 960 757 ἵνα
983 690 1021 755 δὲ
1044 687 1228 775 φανερδς4

168 803 298 888 γένοιτο
321 812 399 880 τοῖς
418 801 600 887 βαρβάροις
628 798 646 864 ὁ
668 798 817 875 θάνατος
844 799 964 882 αὐτοῦ,
992 797 1105 874 δεθείς
1131 798 1189 874 τδς
1221 815 1233 855 ε

168 921 280 996 χεῖρας
312 909 416 976 ὀπίσω
449 910 532 974 κατὰ
562 915 623 972 τοῦ
655 915 805 990 κρημνοῦ
838 905 994 988 βάλλεται
1020 905 1104 989 πρὸς
1131 903 1190 968 αῦ-

168 1019 254 1095 τοάς.
292 1015 422 1083 ἐκείνου
442 1015 480 1081 δὲ
502 1012 749 1100 τιμορηθέντος
771 1012 874 1079 οὐδὲν
897 1009 945 1078 ἐτι
969 1009 1125 1101 ῥᾴθυμον
1147 1007 1191 1096 ἦν

169 1136 236 1190 τῶν
273 1124 350 1210 περὶ
386 1125 444 1200 τὰς
481 1122 647 1209 φυλακάς,
684 1122 768 1186 άλλδι
804 1120 983 1205 παννύχιοι
1019 1117 1191 1185 διετέλουν

169 1232 312 1308 ἅπαντες
339 1229 570 1316 ἐγρηγορότες,
598 1229 681 1294 ὥστε
708 1230 787 1305 τοὺς
811 1229 959 1304 Κελτοὺς
984 1226 1191 1309 ἀπογνόντας

170 1335 215 1404 δι’
239 1335 365 1422 ἀπάτης
391 1337 412 1422 ἢ
440 1341 565 1420 κλοπῆς
591 1332 748 1413 καθέξειν
774 1335 812 1400 τὸ
841 1335 1008 1421 φρούριον
1030 1333 1107 1418 περὶ
1135 1335 1192 1400 λά·
1210 1351 1236 1390 10

170 1467 259 1530 τρων
283 1444 508 1528 διαλέγεσθαι,
531 1441 552 1507 δ
576 1451 644 1520 τοῖς
664 1441 845 1528 βαρβάροις
865 1443 980 1520 δόντες
998 1450 1192 1525 κομιοῦνται

170 1554 232 1636 τῆν
255 1553 363 1616 πόλιν.
408 1551 517 1616 Ακάιτ.

243 1655 347 1724 VIHI.
376 1655 448 1744 (13)
475 1657 567 1723 Ἐπεί
594 1656 632 1722 δέ
658 1658 699 1722 τδι
727 1657 822 1742 ὅρκια
849 1654 1045 1738 ἐπετέλεσαν
1072 1657 1128 1722 καλ
1154 1659 1192 1723 τὸ

172 1765 313 1851 χρυσίον
336 1765 369 1829 ολ
387 1761 538 1846 Ῥωμαῖοι
563 1767 779 1849 κατήνεγκεν,
808 1765 957 1847 σταθμὸς
982 1764 1045 1848 μέν
1071 1761 1124 1850 ῆν,
1153 1763 1193 1831 δν

173 1869 241 1937 ἔδει
258 1872 337 1949 τοὺς
356 1873 505 1949 Κελτοὺς
528 1874 654 1956 λαβεῖν,
678 1867 710 1936 ε’
726 1871 782 1936 καλ
804 1872 837 1936 κ’
856 1871 1013 1937 τάλαντα·
1037 1872 1194 1950 τεθέντος
1213 1885 1237 1925 1⁶

173 1978 211 2044 δὲ
232 1987 293 2045 τοῦ
316 1982 417 2064 ζυγοῦ
441 1989 575 2065 πρῶτον
597 1979 658 2062 μέν
682 1979 763 2044 αὐτὸ
786 1980 824 2044 τὸ
847 1979 1011 2044 τάλαντον
1030 1979 1048 2044 ὁ
1070 1981 1193 2056 Κελτὸς

172 2087 359 2173 βαρύτερον
386 2095 446 2152 τοῦ
470 2087 602 2152 δικαίου
625 2097 736 2172 παρῆν
760 2085 883 2170 φέρων,
911 2082 1023 2150 ἔπειτα
1050 2087 1194 2169 άγανακ-

173 2195 323 2260 τούντων
353 2195 436 2279 πρὸς
467 2201 566 2258 τοῦτο
598 2202 666 2256 τῶν
691 2189 858 2272 Ῥωμαίων
886 2191 1049 2257 τοσούτου
1080 2190 1194 2276 ἐδέησε

172 2300 345 2385 μετριάσαι
363 2299 439 2382 περί
459 2300 497 2364 τὸ
518 2299 660 2380 δίκαιον,
683 2298 767 2362 ὥστε
788 2297 844 2362 καί
866 2300 928 2382 τῆν
946 2298 1110 2385 μάχαιραν
1129 2300 1195 2383 ἅμα

173 2415 214 2492 τῆ
244 2409 333 2494 θήκη
363 2405 418 2470 καλ
447 2415 493 2492 τῷ
524 2407 663 2489 ζωστῆρι
692 2407 924 2490 περιελόμενος
953 2404 1096 2491 ἐπέθηκε
1125 2417 1195 2485 τοῖς
1213 2429 1239 2469 ιο

174 2519 345 2595 σταθμοῖς.
391 2521 436 2599 τῷ
460 2511 498 2576 δὲ
520 2513 621 2600 ταμίᾳ
643 2511 904 2600 πυνθανομένῳ,
929 2515 964 2578 τί
984 2513 1078 2579 θέλει
1100 2512 1190 2581 τοῦτ’
1213 2517 1234 2580 2

175 2615 262 2686 εἶναι
289 2621 327 2685 τὸ
356 2615 466 2704 ἔργον,
495 2620 694 2705 ἀπεκρίνατο
722 2620 852 2697 τούτοις
879 2626 991 2701 (τοῖς)
1020 2622 1193 2705 ὀνόμασιν·

175 2728 281 2812 ὀδύνη
318 2736 388 2804 τοῖς
423 2725 684 2811 κεκρατημένοις.
744 2725 815 2793 ἐπεὶ
851 2727 890 2794 δὲ
925 2727 943 2794 δ
981 2732 1196 2814 συγκείμενος

176 2836 325 2917 σταθμὸς
353 2834 415 2900 οὐκ
443 2832 661 2921 ἐξεπληροῦτο
690 2835 746 2901 διὰ
773 2837 834 2920 τῆν
856 2845 916 2902 τοῦ
940 2840 1070 2902 Κελεοῦ
1099 2841 1195 2902 πλεο-

177 2939 300 3024 νεξίαν,
329 2941 413 3008 άλλδι
440 2941 496 3006 καλ
522 2943 560 3006 τὸ
582 2943 696 3028 τρίτον
719 2940 825 3008 ἐνέδει
847 2942 960 3028 μέρος,
990 2939 1140 3033 άπῆεσαν
1163 2945 1196 3010 οἱ
1214 2965 1240 3006 τε

172 3045 324 3130 Ῥωμαῖοι
351 3049 475 3135 χρόνον
497 3050 545 3125 εἰς
572 3051 804 3136 συμπορισμὸν
826 3059 887 3114 τοῦ
911 3051 1082 3128 λείποντος
1106 3053 1196 3136 αἰτη-

177 3155 328 3238 σάμενοι·
355 3155 537 3238 ὑπέμειναν
564 3156 602 3221 δὲ
628 3156 753 3240 ταύτην
779 3158 840 3241 τῆν
867 3156 1101 3242 ὑπερηφανίαν
1128 3171 1196 3225 τῶν

41 3347 46 3360 ⁸
178 3262 358 3349 βαρβάρων
380 3262 487 3330 οὐθὲν
510 3261 689 3347 ἐγνωκότες
715 3274 783 3330 τῶν
805 3263 860 3330 ἐπί
886 3271 946 3328 τοῦ
970 3265 1195 3350 στρατοπέδου

252 3444 284 3492 11
311 3441 377 3494 ante
402 3447 567 3508 κομιοῦνται
591 3437 749 3493 subiectum
774 3439 802 3493 ολ
820 3436 952 3508 Ῥωμαῖοι
976 3441 1021 3496 vel
1043 3441 1102 3497 ῖελε
1128 3443 1196 3511 quid

178 3509 277 3565 deesse
296 3509 394 3566 Struve
413 3513 508 3567 censet
580 3516 614 3566 22
632 3519 691 3574 τοῖς
710 3511 774 3566 εδδ.
790 3511 889 3565 Struve

984 3621 1036 3674 16*
