2668 3922
575 244 610 252 ·-
647 217 687 267 ΙΑ
725 245 758 252 -
1112 217 1176 282 201

158 344 206 420 εἰς
223 342 283 407 τὸν
303 340 470 406 ἰδιωτικὸν
489 339 655 422 σύλλογον
673 339 739 406 ύπὸ
756 351 823 404 τῶν
839 340 975 406 ύπάτων
989 341 1085 406 αὐτοὶ
1097 341 1176 408 καθ’

158 448 305 525 ἑαυτούς.
341 447 441 524 Γάῖος
459 447 520 530 μέν
538 441 601 512 οὖν
615 448 785 524 Κλαύδιος
802 448 920 532 ἥκιστα
938 449 1113 533 δημοτικὸς
1132 450 1180 514 διν
1199 451 1220 515 2

157 556 214 622 καί
242 555 367 638 ταύτην
397 553 651 638 διαδεδεγμένος
683 553 719 620 ἐκ
748 557 926 640 προγόνων
957 556 1019 640 τὴν
1051 555 1181 641 αἵρεσιν

158 673 216 747 τῆς
247 663 414 738 πολιτείας
446 661 698 752 αύθαδεστέραν
729 663 866 746 γνώμην
897 662 1064 748 εἰσέφερε,
1100 666 1180 747 μήτε

156 769 315 846 ὑπατείας
342 765 415 854 μήτ’
434 769 536 852 ἀλλης
563 768 665 854 ἀρχῆς
691 781 737 856 τῷ
766 769 858 858 δήμω
886 780 1096 855 παραχωρεῖν
1121 795 1180 855 μη·
1213 792 1224 832 ι

159 877 285 959 δεμιάς·
304 879 383 953 τοὺς
399 875 437 941 δὲ
455 875 614 941 τάναντία
632 874 789 961 πράττειν
804 875 1052 963 ἐπιχειροῦντας
1066 878 1181 954 ὅπλοις

158 985 310 1067 κωλύειν,
329 981 389 1049 ἐὰν
402 984 445 1067 μὴ
463 985 648 1049 πείθωνται
663 992 734 1060 τοῖς
752 985 874 1068 λόγοις,
893 984 998 1069 φειδὼ
1017 985 1194 1069 μηδεμίαν,

158 1090 380 1173 ποιουμένους
402 1089 475 1175 μήτ’
495 1091 629 1155 ἰδιώτου
653 1089 726 1174 μήτ’
744 1091 911 1176 ἀρχοντος.
949 1093 1096 1169 ἅπαντας
1116 1093 1180 1177 γάρ

158 1200 237 1274 τοὺς
269 1196 517 1284 ἐπιχειροῦντας
552 1198 593 1261 τά
629 1196 751 1280 πάτρια
786 1208 894 1263 κινεῖν
930 1195 993 1282 έδη
1029 1199 1086 1264 καί
1121 1200 1181 1264 τὸν

158 1307 285 1387 κόσμον
320 1313 380 1370 τοῦ
417 1305 655 1386 πολιτεύματος
693 1305 754 1370 τὸν
790 1304 929 1390 ἀρχαῖον
966 1306 1181 1391 διαφθείρειν
1200 1327 1225 1366 ιο

159 1411 355 1496 ἀλλοτρίους
378 1411 432 1476 καί
456 1413 635 1493 πολεμίους
658 1405 744 1476 εἶναι
767 1421 824 1495 τῆς
847 1415 980 1489 πόλεως.
1026 1414 1121 1489 Τίτος
1144 1413 1220 1478 δέ3

160 1520 317 1594 Κοίντιος
345 1516 407 1582 ούιι
437 1517 488 1582 εἴα
518 1517 586 1603 [τῇ]
617 1519 675 1605 βία
704 1520 890 1602 κατείργειν
918 1520 956 1584 τὸ
987 1518 1180 1602 ἀντίπαλον,

161 1624 241 1689 ούδὲ
264 1619 307 1688 δι’
326 1623 440 1689 ὅπλων
461 1625 517 1689 καί
540 1623 584 1688 δι’
602 1625 737 1707 αἵματος
760 1623 926 1710 ἐμφυλίου
949 1635 1071 1712 χωρεῖν
1097 1628 1181 1712 πρὸς

159 1732 197 1796 τὸ
226 1731 415 1815 δημοτικόν,
446 1732 552 1808 ἄλλως
582 1754 617 1796 τε
646 1732 701 1797 καί
729 1732 906 1818 δημάρχων
937 1735 1055 1817 σφίσιν
1085 1731 1181 1798 ἐναν-

159 1837 380 1922 τιωσομένων,
404 1837 463 1915 οὓς
483 1839 593 1923 λερούς
611 1832 697 1904 εἶναι
715 1839 771 1904 καί
789 1849 948 1923 παναγεῖς
972 1838 1179 1925 ἐψηφίσαντο
1200 1861 1225 1900 ιο

160 1947 193 2010 ολ
215 1944 353 2030 πατέρες
375 1946 469 2030 ημῶν
487 1949 591 2023 θεοὺς
611 1947 666 2012 καί
685 1947 846 2029 δαίμονας
864 1945 1026 2030 ἐγγυητὰς
1044 1947 1181 2032 ποιησά-

78 2071 148 2120 2292
158 2075 254 2135 μενοι
276 2064 343 2118 τῶν
367 2052 563 2137 ὁμολογιῶν,
585 2053 641 2118 καί
664 2056 742 2129 τοὺς
765 2055 941 2137 μεγίστους
964 2053 1084 2137 ὅρκους
1106 2049 1177 2117 κατ’

159 2158 311 2238 ἐξωλείας
343 2159 454 2224 αὐτῶν
485 2182 520 2224 τε
553 2159 608 2224 καί
640 2171 708 2224 τῶν
739 2157 900 2243 ἐγγόνων,
932 2157 991 2224 ἐάν
1018 2181 1050 2222 τι
1077 2178 1181 2244 παρα-

159 2269 300 2350 βαίνωσι
322 2277 390 2331 τῶν
415 2264 650 2350 συγκειμένων,
674 2265 943 2348 κατομοσάμενοι.

230 2389 314 2456 LVI.
343 2391 451 2480 Ταύτη
477 2389 719 2474 προσθεμένων
741 2399 781 2476 τῇ
809 2390 923 2480 γνώμη
951 2389 1006 2454 καί
1034 2400 1102 2456 τῶν
1125 2391 1181 2456 ἀλ·
1200 2413 1225 2453 το

160 2504 228 2563 λων
247 2507 314 2562 τῶν
339 2495 624 2582 παρακληθέντων
648 2498 695 2574 είς
715 2498 752 2562 τὸ
776 2496 955 2582 συνέδριον
978 2498 1181 2582 παραλαβὼν

118 2684 120 2687 ¹
159 2608 219 2672 τὸν
243 2607 345 2689 λόγον
368 2603 386 2669 δ
410 2604 592 2680 Κλαύδιος·
619 2603 690 2668 Οὐκ
713 2602 824 2688 ἀγνοῶ
848 2603 919 2688 μέν,
948 2599 1083 2689 έφησεν,
1110 2605 1182 2688 ἡλί-

159 2735 228 2778 κων
255 2711 375 2797 κρηπλς
403 2714 691 2796 καταβληθησεται
723 2723 907 2796 συμφορῶν
935 2712 1059 2776 ἀπασιν
1090 2712 1180 2794 ἡμῖν,

160 2817 219 2884 ἐὰν
251 2817 477 2905 ἐπιτρέψωμεν
509 2829 554 2904 τῷ
588 2819 680 2906 δήμῳ
713 2818 788 2904 περὶ
825 2827 885 2884 τοῦ
922 2821 1028 2902 νόμου
1064 2829 1181 2902 ψῆφον

161 2929 288 3010 λαβεῖν·
317 2926 379 2992 οὐκ
406 2922 491 3010 έχων
519 2922 550 2988 δ’
574 2925 591 2990 ὅ
620 2947 652 2988 τι
674 2925 735 3010 χρη
760 2935 869 2990 ποιεῖν
893 2924 972 2990 οὐδὲ
996 2924 1181 3006 δυνάμενος
1199 2946 1225 2986 ει

470 3131 480 3162 λ

234 3197 247 3244 1
275 3190 314 3252 εἰς
340 3187 482 3245 ἰδιωτικὸν
508 3190 640 3259 σύλλογον
664 3189 715 3258 ούχ
737 3185 793 3244 ύτιδ
816 3197 871 3243 τῶν
889 3187 1003 3244 ύτιάτων
1024 3187 1082 3242 ἀλλ’
1100 3190 1181 3244 αύτολ

161 3279 183 3316 ο,
208 3261 311 3314 Reiske
390 3267 405 3315 3
433 3259 598 3328 προαίρεσιν
626 3260 713 3314 Cobet
741 3259 805 3314 obs.
834 3279 861 3328 p.
881 3265 933 3314 212
959 3261 994 3314 cf.
1021 3277 1043 3314 ο.
1066 3265 1180 3327 58,1.2

161 3339 177 3388 8
196 3331 362 3400 ποιούμενος
376 3332 398 3387 Ο
450 3339 483 3386 12
502 3337 536 3404 τῇ
551 3332 604 3386 del.
619 3331 743 3386 Reudler
756 3331 846 3385 Tiroc.
861 3336 933 3400 p.6'1
986 3337 1018 3386 15
1033 3331 1116 3399 ἱερεῖς
1125 3331 1181 3384 VM

161 3410 194 3460 19
214 3402 442 3473 κατωμοσάμενοι
459 3403 485 3456 V
562 3409 595 3458 25
620 3403 772 3473 ἀναλαβεῖν
792 3419 814 3457 ο,
830 3401 994 3456 dubitanter
1012 3402 1155 3472 Kiessling
1175 3403 1178 3474 Ι

161 3477 193 3532 ού
214 3473 369 3545 δυνάμενος
387 3474 465 3528 LVM
484 3475 549 3529 οάδέ
570 3477 594 3529 δ,
613 3474 697 3544 vulgo
