2654 3916
565 219 733 268 -Κ-
1096 214 1161 280 319

140 344 346 427 άποσκευῶν,
382 342 438 407 καλ
473 340 621 425 μεγάλην
654 325 851 426 παρέξοντες
886 349 957 417 τοῖς
993 341 1163 422 πολεμίοις

139 453 296 538 ταραχήν,
329 449 359 514 ελ
388 447 570 514 θεάσαιντο
599 449 778 530 καιόμενον
808 447 904 532 άφνω
934 447 994 512 τὸν
1023 446 1162 532 χάρακα·

141 557 254 643 άπελχε
281 556 319 622 δέ
345 555 383 621 τό
411 556 535 640 χωρίον
557 565 615 639 τῆς
641 553 746 639 μάχης
768 554 810 620 οὐ
833 553 937 620 πλέον
960 553 1065 620 εἴκοσι
1087 569 1164 618 στα-

141 666 234 732 δίων.
276 662 378 729 ταῦτά
401 684 436 727 τε
460 662 501 746 δὴ
525 661 788 745 βουλευσάμενοι
810 659 867 726 καὶ
889 661 979 745 παρὰ
1002 659 1204 745 αἰχμαλώ-ῗι

140 793 209 838 των
240 780 343 837 τινῶν
376 768 593 854 ἀκούσαντες,
630 767 689 846 οθς
723 766 778 834 έπλ
810 765 970 850 ξυλισμὸν
1002 765 1166 843 ἐλθόντας
1197 785 1209 826 ι

142 880 334 964 εἰλήφεσαν,
370 877 422 942 ὅτι
455 877 575 960 κομιδῆ
607 898 696 953 τινες
727 874 836 958 ὀλίγοι
867 873 1075 960 φυλάττουσι
1105 873 1166 938 τὸν

142 985 279 1071 χάρακα,
302 981 513 1071 προσέβαλον
532 982 646 1060 αότολς
663 983 884 1066 πανταχόθεν.
921 981 1006 1066 ὑπὲρ
1030 974 1079 1046 ὧν
1097 977 1166 1046 ἐπι-

142 1094 246 1177 γνοὺς
273 1090 292 1157 ό
315 1091 454 1177 Πύρρος
484 1089 606 1166 ἱππέως
631 1089 722 1166 τινὸς
744 1088 1022 1173 ἀπαγγείλαντος,
1049 1085 1087 1165 ὃς
1109 1086 1166 1172 άρ-

144 1197 286 1281 ξαμένου
323 1202 578 1283 πολιορκεῖσθαι
613 1204 674 1262 τοῦ
710 1195 853 1281 χάρακος
887 1193 1077 1273 διεξελάσας
1107 1194 1167 1261 τὸν

144 1305 249 1372 ἵππον
277 1305 334 1370 καλ
362 1305 403 1370 τὰ
432 1303 554 1390 κέντρα
582 1303 784 1388 προσβαλὼν
813 1311 924 1388 παρῆν
953 1302 1010 1367 διὰ
1041 1300 1168 1386 ταχέων
1186 1321 1213 1361 ιο

144 1451 188 1458 -
211 1413 273 1497 τὴν
295 1411 357 1494 μὲν
379 1412 442 1497 γὰρ
467 1411 572 1494 ἄλλην
595 1410 741 1492 δύναμιν
763 1408 801 1475 έν
823 1419 869 1496 τῷ
892 1409 996 1496 πεόέφ
1018 1406 1168 1493 κατέχειν

145 1515 231 1603 ἔγνω
254 1518 311 1584 καλ
332 1520 413 1604 μήτε
436 1517 615 1582 ἀνακαλεῖν
637 1519 718 1602 μήτε
739 1526 848 1582 κινελν
869 1517 932 1601 τὴν
955 1515 1111 1601 φάλαγγα
1124 1551 1169 1561 ·-

144 1629 224 1704 τοὺς
247 1624 429 1711 ἐλέφαντας
451 1623 508 1690 καλ
533 1623 598 1689 ἀπὸ
625 1634 693 1690 τῶν
718 1623 845 1691 ἱππέων
866 1626 946 1702 τοὺς
974 1621 1169 1706 εὐτολμοτά-

145 1755 225 1810 τους
247 1730 478 1815 έπιλεξάμενος
501 1729 696 1796 ἀποστέλλει
718 1734 870 1816 βοηθοὺς
891 1740 938 1820 τῷ
958 1730 1085 1817 χάρακι.
1122 1725 1210 1794 ἔτι4

147 1839 185 1904 θλ
225 1840 353 1906 τούτων
390 1836 626 1925 πορευομένων
662 1836 935 1924 έκπολιορκηθελς
962 1838 986 1923 †
1013 1838 1110 1922 άφνω
1152 1835 1215 1901 ὁιι

147 1944 249 2033 χάραξ
273 1945 461 2012 άνάπτεται.
506 1946 563 2011 καλ
585 1947 618 2011 ολ
641 1943 900 2030 διαπραξάμενοι
922 1945 961 2010 τὸ
988 1941 1099 2028 έργον,
1127 1943 1172 2020 ὡς

147 2049 286 2136 ἔμαθον·
304 2052 369 2120 άπὸ
397 2062 465 2119 τῶν
491 2053 666 2137 μετεώρων
693 2050 847 2127 ἐπιόντας
874 2051 972 2135 σφίσι
998 2052 1078 2126 τοὺς
1104 2049 1170 2114 ὑπὸ

147 2168 208 2226 τοῦ
231 2159 393 2243 βασιλέως
417 2157 695 2242 ἀπεσταλμένους,
718 2158 766 2234 εἰς
788 2157 890 2243 ὅρους
907 2157 1000 2234 τινὸς
1017 2158 1172 2243 κορυφὴν

149 2262 334 2351 (ἔφυγον),
357 2263 444 2332 ἔνθα
467 2266 545 2330 οὔτε
567 2273 638 2341 τοῖς
659 2266 794 2350 θηρίοις
815 2263 974 2336 άνελθελν
993 2258 1212 2409 ῥάθιονῆνὸ

149 2371 227 2437 οὔτε
257 2381 328 2449 τοῖς
360 2373 482 2450 ἵπποις.
537 2373 571 2437 ολ
605 2371 644 2436 δὲ
674 2371 842 2455 βασιλικοὶ
873 2380 933 2437 τοῦ
965 2379 1084 2456 καιροῦ
1115 2343 1218 2474 τῆς5

149 2479 310 2563 βοηθείας
340 2477 582 2565 ὑστερήσαντες
613 2477 669 2544 έπλ
699 2481 779 2556 τοὺς
811 2476 847 2544 ἐκ
879 2487 939 2544 τοῦ
971 2479 1086 2564 τρίτου
1117 2476 1174 2542 καλ

149 2585 308 2673 τετάρτου
330 2585 494 2670 τάγματος
512 2582 692 2668 Ρωμαόους
714 2583 896 2670 ἐτράποντο
923 2585 1011 2651 πολὺ
1034 2589 1173 2670 προελη-

151 2695 299 2772 λυθότας
325 2693 390 2759 άπὸ
418 2703 487 2758 τῶν
514 2693 636 2778 ἄλλων,
663 2693 718 2759 ὅτε
745 2695 825 2770 τοὺς
851 2693 934 2758 κατὰ
962 2699 1051 2777 σφᾶς
1077 2695 1174 2756 πολε-

224 2975 340 3046 θελλήφ
342 2992 390 3031 ασι
407 2976 473 3030 Ath.
498 2975 631 3044 εἰλήφεσα
611 2995 648 3030 αν
669 2975 762 3029 Minas
834 2974 908 3036 8ολς
925 2973 991 3027 Ath.
1011 2971 1043 3036 ὃς
1060 2971 1176 3028 Dflbner

153 3051 187 3100 λθ
205 3064 246 3100 πα
248 3048 304 3114 ρὼν
323 3047 389 3102 Αλλι.
407 3065 448 3102 πα
449 3054 502 3117 ρήν
520 3045 636 3101 Βιλλιιιετ
709 3043 1054 3118 11γὰρόολ.1)ι“λλ)ιιοι·1
1083 3045 1175 3099 totum

152 3116 246 3172 locum
264 3118 405 3174 Μιλλλοι
383 3135 424 3173 ειο
443 3118 603 3173 constitum
627 3066 787 3184 διεξελάσάς
799 3065 853 3172 τόν
872 3114 1029 3242 έπποχχκα
1010 3115 1041 3170 λ
1050 3045 1095 3170 τὰ
1113 3112 1176 3171 κέν-

152 3189 345 3261 τραα]προαβ
346 3191 401 3244 λιλιν
419 3197 513 3260 παρῆν
569 3194 602 3243 13
620 3190 686 3252 τολις
704 3187 732 3244 δ’
750 3185 836 3258 ἐλέφα
817 3207 904 3251 αντας
917 3187 947 3242 Μ
989 3204 1031 3256 er
1051 3189 1101 3257 qui
1116 3204 1176 3242 ver·

63 3304 65 3308 .
152 3258 254 3314 borum
281 3259 420 3316 ambitum
447 3277 504 3315 non
531 3260 673 3315 intellexit
746 3265 778 3315 15
804 3261 844 3329 όφ
846 3256 862 3315 ὸ
885 3260 951 3314 Ath.
978 3258 1060 3329 ἄφνω
1084 3259 1176 3313 Minas

152 3330 312 3400 ὑφάπτεται
334 3330 349 3386 ό
373 3331 462 3403 χάραξ
488 3347 510 3387 ο.
533 3331 698 3386 dubitanter
720 3332 863 3417 Κλεεελλιις
890 3330 972 3402 ἄφνω
997 3331 1045 3386 vix
1069 3333 1177 3386 rectum

153 3404 197 3458 εει
220 3418 391 3472 quamquam
414 3404 468 3459 λιοο
489 3403 583 3472 σιμιλε
601 3421 628 3472 p
644 3409 705 3471 319
720 3410 736 3458 2
755 3403 813 3474 λε
805 3404 860 3458 tur
910 3352 966 3458 φλθ
986 3401 1057 3473 έφυγ
1059 3422 1092 3458 ον
1111 3401 1176 3456 add.

153 3472 269 3529 Dflbnor
341 3479 376 3528 20
396 3475 461 3530 οόθλ
480 3475 620 3546 βασιλικοὶ
638 3475 704 3530 Αλλι.
