2654 3916
584 190 618 198 -
654 163 683 212 K
718 190 752 198 -
1113 161 1177 226 321

158 283 275 372 ἔτυχεν
300 287 321 371 ἡ
351 283 491 372 δευτέρα
519 284 605 371 μάχη
629 282 797 369 Ῥωμαίοις
824 287 908 372 πρὸς
934 286 1077 372 Πύρρον
1103 286 1179 372 περί

157 396 258 462 πόλιν
276 391 429 460 Ἄσκλον.
474 391 547 458 Αίλι.

229 500 285 567 IV.
302 496 371 565 Ὅτι
400 499 476 585 περὶ
503 500 565 584 τὴν
584 497 743 584 Ῥηγίνων
768 502 868 566 πόλιν
895 499 1004 578 πάθος
1031 501 1180 585 γίγνεται

158 610 284 692 δεινόν,
312 599 386 674 οἷον
413 607 469 673 καί
495 606 572 692 περὶ
599 610 785 692 Μεσσήνην
812 605 942 692 ἐγένετο
970 609 1032 692 την
1059 605 1097 673 ἐν
1120 612 1180 674 Σι-

158 717 267 804 κελίηι,
296 713 439 800 μεγάλης
469 718 620 799 φυλακῆς
648 714 704 778 καί
731 716 891 799 προνοίας
918 711 1012 793 ἀξιον
1039 713 1181 792 άπάσαις
1212 733 1224 773 ⁵

159 831 232 900 ταῖς
258 823 406 906 πόλεσιν,
437 819 563 905 ἀνάγκη
591 819 629 886 δέ
655 821 714 899 τάς
741 821 847 898 αἰτίας
879 822 934 888 καί
966 823 1024 899 τὰς
1050 821 1180 908 προφά-

160 945 229 1007 σεις
255 939 323 994 τῶν
349 930 583 1014 κατασχόντων
612 927 716 1012 αὐτὴν
745 938 856 994 κακῶν
883 939 1064 1015 προειπεῖν.
1106 925 1219 994 Ὅτε2

158 1035 327 1102 Λευκανοὶ
347 1035 402 1102 καί
421 1033 756 1120 Βρέττιοιθυνάμεσι
778 1040 917 1112 πολλαῖς
939 1033 993 1102 ἐπί
1014 1037 1181 1124 Θουρίους

160 1143 419 1229 στρατεύσαντες
446 1145 508 1226 τήν
534 1165 569 1206 τε
597 1142 709 1228 χώραν
732 1142 843 1208 αὐτῶν
868 1140 1098 1228 ἐξεπόρθησαν
1126 1143 1181 1210 καῖ

159 1251 222 1336 την
248 1252 348 1316 πόλιν
375 1249 701 1335 περιχαρακώσαντες
729 1247 949 1336 ἐπολιόρκουν
975 1287 1019 1297 -—
1047 1249 1103 1335 ἐφ’
1122 1249 1182 1328 οὓς
1200 1270 1226 1310 ιο

160 1357 326 1442 ἀπεστάλη
349 1354 516 1440 Ῥωμαίων
547 1355 703 1442 δύναμις,
734 1352 774 1440 ἧς
804 1357 915 1440 ἡγεῖτο
950 1359 1130 1441 Φαβρίκιος
1162 1356 1180 1424 ὁ

46 1541 48 1546 Ι
159 1463 285 1540 ύπατος
307 1502 351 1510 -
375 1461 584 1550 φοβηθέντες
611 1464 644 1528 ολ
667 1460 825 1548 Ῥηγῖνοι,
854 1466 898 1549 μη
928 1463 983 1528 καί
1012 1461 1066 1528 ἐπί
1094 1471 1182 1548 σφᾶς

161 1562 195 1636 οί
221 1571 384 1658 βάρβαροι
403 1567 569 1653 Ῥωμαίων
597 1569 817 1637 ἀπελθόντων
844 1572 1003 1658 στρατιάν
1030 1569 1181 1636 ἀποστεί-

161 1683 257 1762 λωσι,
283 1678 338 1743 καί
360 1678 423 1761 την
450 1678 664 1762 Ταραντίνων
686 1680 786 1745 πόλιν
809 1677 846 1746 ἐν
868 1677 1029 1760 ὑποψίαις
1051 1675 1181 1764 ἔχοντες

162 1782 351 1870 ἐόεηθησαν
382 1793 442 1850 τοῦ
479 1787 663 1870 Φαβρικίου
696 1786 841 1870 δύναμιν
873 1795 913 1872 τῇ
945 1788 1040 1852 πόλει
1072 1791 1182 1851 λιπεῖν
1201 1804 1226 1844 ιο

161 1893 244 1976 πρὸς
267 1893 326 1969 τάς
348 1893 541 1978 αἰφνιδίους
564 1903 631 1959 τῶν
654 1893 834 1976 βαρβάρων
857 1889 1051 1974 ἐπιδρομάς,
1074 1892 1129 1956 καί
1152 1891 1184 1956 ελ

159 2019 210 2075 τις
233 1996 269 2064 ἐκ
291 2009 359 2065 τῶν
378 2002 592 2086 Ταραντίνων
611 1997 771 2082 ἐπιβουλή
795 2012 913 2082 σφισιν
934 1995 1182 2082 ἀπροσδόκητος

161 2104 301 2188 γένοιτο.
339 2107 395 2171 καί
418 2105 625 2188 λαμβάνουσι
643 2106 850 2186 Καμπανοὺς
871 2103 933 2186 μέν
956 2103 1181 2188 ὀκτακοσίους,

160 2211 357 2288 Σιόικίνους
375 2212 412 2276 δέ
431 2213 673 2296 τετρακοσίους,
692 2203 740 2276 ὧν
758 2209 915 2276 ἀπάντων
932 2211 1044 2294 ἡγεῖτο
1060 2209 1181 2288 Δέκιος

161 2317 344 2398 Καμπανὸς
374 2318 412 2382 τὸ
444 2317 549 2401 γένος.
604 2311 702 2394 οὗτος
734 2316 752 2382 ὁ
785 2316 884 2402 ἀνήρ,
919 2313 974 2382 ὅτε
1006 2292 1226 2422 κατάγοιτοὲ0

161 2423 250 2508 παρά
272 2425 351 2500 τοὺς
371 2421 654 2509 ἐπιφανεστάτους
673 2435 741 2490 τῶν
759 2421 945 2509 ἐπιχωρίων
963 2423 1124 2502 ἑστιάσεις
1146 2447 1181 2491 τε

162 2531 313 2615 λαμπράς
343 2532 426 2596 κατά
457 2532 519 2616 την
549 2531 807 2618 φιλοφροσύνην
836 2541 904 2596 τῶν
933 2528 1038 2609 ξένωυ
1070 2530 1182 2598 ἑστιά-

162 2661 260 2720 μενος
279 2638 377 2718 <καί>
396 2640 599 2716 κατασκευὰς
617 2640 732 2704 οῖκιῶν
749 2639 899 2723 λαμπράς
914 2638 970 2704 καί
985 2639 1182 2722 βαθυπῖού-

233 2857 251 2904 4
269 2850 403 2978 Μεσηνην
428 2849 476 2905 hio
501 2852 530 2905 et
552 2851 627 2904 infra
649 2853 693 2904 ter
715 2849 786 2915 Ena,
810 2851 897 2905 semel
914 2852 1011 2904 tamen
1029 2849 1181 2919 Μεσσήνην

163 2925 196 2973 13
223 2921 334 2978 ἀπεῖνθ
351 2941 423 2977 ντων
448 2921 510 2976 Εεο.
539 2918 756 2992 ἀπεληλυθότων
783 2921 873 2976 Foder
905 2918 1106 2976 ἀπολυθέντων
1137 2921 1182 2977 vel

163 2989 345 3049 ἀπελθόντων
359 2991 462 3048 Mffller
518 2999 552 3048 14
571 2943 653 3062 ἐνητῆ
671 2990 809 3062 ὑποψίαις
822 2992 894 3060 Esc„
913 2993 1013 3048 sed*
980 3013 1014 3064 τη
1034 2991 1180 3048 alibrario

162 3061 220 3115 iam
246 3062 370 3118 delet-um
395 3063 426 3118 ἐν
450 3062 588 3135 ὑποψίαις
613 3064 703 3118 Peder
727 3063 758 3118 ἐν
780 3071 843 3127 ταῖς
864 3013 1014 3134 θποψλαιςη
1024 3063 1127 3119 Mffller
1145 3065 1180 3119 cf.

162 3132 201 3186 IV
215 3137 290 3201 65‚4
350 3135 415 3191 155
416 3155 484 3208 ντη
502 3133 622 3191 πόλειο.
642 3133 725 3190 dubit
712 3137 807 3190 ἐποίει·
824 3135 914 3190 Feder
971 3135 1040 3206 16η
1058 3155 1101 3199 τις
1118 3135 1180 3190 Εεο

162 3203 247 3266 εέτις
264 3204 367 3260 Mffller
439 3156 484 3261 19ῃ
492 3207 616 3270 οικινούς
636 3206 697 3262 Εοο.
722 3204 887 3270 Σιδιιιίνονς
908 3207 999 3262 Feder
1021 3207 1182 3270 Σιτικινούς

162 3274 264 3329 Mfffler
335 3282 369 3331 20
395 3277 452 3370 ὅτε]
478 3276 562 3334 ὁπότε
588 3296 610 3334 ο.
632 3277 728 3334 Naber
745 3278 847 3332 Mnem.
863 3285 905 3345 30,
920 3283 973 3333 260
1045 3285 1078 3332 21
1102 3278 1181 3346 παρὰ

162 3354 221 3408 τοῖς
238 3345 469 3415 ἐπιφανεστάτοις
487 3352 638 3420 epraeter
655 3350 870 3420 remKiessling
895 3351 898 3423 λ
922 3370 951 3406 τε
971 3350 1024 3408 del
1039 3349 1181 3421 Kiessling

164 3421 198 3470 23
216 3417 265 3472 καὶ
285 3417 349 3472 add
369 3419 459 3476 Peder

218 3527 616 3573 D1om.ffl1..1v.nn..1mour.
985 3534 1018 3582 21
