2654 3916
580 231 613 242 -
651 203 687 254 15
724 231 757 240 -
1113 202 1179 268 279

157 351 190 392 τι
218 327 445 412 όπετυφλώθη
472 327 528 392 καί
551 330 678 404 Καῖκος
699 328 973 413 προσηγορεύθη·
1001 326 1088 393 οὕτω
1114 329 1179 413 γὰρ

157 437 236 512 τοὺς
259 438 409 519 τυφλοὺς
428 431 580 516 Ῥωμαῖοι
601 439 770 500 καλοῦσιν.

228 543 276 607 Az
303 539 460 627 ἐντοίχιοι
487 540 615 626 γραφαί
636 550 709 618 ταῖς
731 564 766 607 τε
789 550 953 627 γραμμαῖς
975 540 1065 608 πάνυ
1088 541 1219 628 ἄκρα-2

158 652 228 732 βεῖς
254 645 341 733 ήσαν
362 648 418 714 καί
441 657 511 725 τοῖς
533 651 693 732 μίγμασιν
715 649 839 732 ήδεῖαι,
866 649 990 725 παντὸς
1013 648 1180 734 ἀπηλλαγ-

157 755 260 838 μένον
283 752 419 839 ἔχουσαι
440 763 501 820 τοῦ
524 755 732 839 καλουμένου
757 755 871 841 όόπου
894 757 932 821 τὸ
955 753 1118 841 ιἰνδηρόν.
1212 776 1224 818 ι

234 863 299 939 Τὰς
321 863 504 946 νουμηνίας
528 863 561 927 ολ
579 859 730 945 Ῥωμαῖοι
752 861 919 940 καλάνδας
941 867 1095 946 καλοῦσι,
1121 864 1180 940 τὰς

157 968 195 1034 δὲ
227 969 424 1053 διχοτόμους
455 971 593 1053 νόννας,
630 971 688 1046 τὰς
724 969 762 1034 δέ
798 973 1027 1054 πανσελήνους
1059 970 1179 1047 εἰδούς.

156 1076 265 1142 Ακιότ.
765 1083 768 1088 ’

228 1181 280 1269 (7)
308 1188 385 1260 Τοῖς
417 1182 455 1250 δὲ
485 1184 568 1248 κατὰ
599 1182 705 1267 μέσην
737 1182 990 1267 ἀγωνιζομένοις
1021 1186 1083 1269 τήν
1116 1183 1218 1271 φοί-3

157 1294 263 1374 λαγγα
291 1289 488 1373 ἀσπόθητον
511 1284 618 1364 οὖσαν
639 1291 696 1356 καί
724 1292 874 1375 λαγαρὰν
899 1291 932 1356 ολ
959 1291 1039 1376 τήδε
1066 1313 1179 1376 τεταγ-
1197 1312 1224 1352 ιο

156 1395 251 1479 μένοι
274 1399 499 1479 συμπεσόντες
522 1395 665 1475 ἐξέωσαν
687 1407 745 1482 τῆς
767 1397 920 1474 στάσεως.
1117 1404 1122 1409 ’

224 1501 259 1568 Ὁ
288 1504 489 1581 κατοικίδιός
517 1527 553 1568 τε
582 1503 638 1570 καί
668 1504 822 1588 διοπετὴς
851 1506 994 1587 πόλεμος
1023 1501 1179 1589 έμοίραινε

156 1611 218 1695 τήν
241 1609 351 1695 ἀκμήν
373 1619 431 1695 τής
453 1611 587 1688 πόλεως.

219 1714 364 1803 ’Ἀνδρας
389 1719 592 1803 ίεραγογοὺς
614 1718 670 1783 καὶ
695 1719 871 1806 δορυφορίᾳ
890 1716 1133 1803 τετιμημένους.

231 1828 343 1909 Φορδις
366 1823 514 1908 ἀβούλου
537 1827 654 1908 μεστὸς
678 1825 763 1911 ἀνήρ
785 1825 842 1890 καί
868 1827 1010 1908 μανικὸν
1033 1821 1118 1910 ἔχων
1140 1826 1177 1890 τὸ
1197 1845 1222 1886 ιι

156 1934 333 2018 τολμηρόν,
375 1932 659 2018 ίδιογνοιμονήσας
700 1933 755 1998 καί
795 1928 855 2016 ὑφ’
891 1930 997 2018 ἑαυτῷ
1039 1933 1179 2016 ποιήσας

155 2039 264 2104 πάντα
287 2041 370 2118 (τὰ)
393 2047 454 2106 τοῦ
477 2039 632 2122 πολέμου.

219 2143 356 2210 Ἔπειτα
375 2148 417 2211 σὺ
440 2151 562 2234 τολμᾷς
585 2153 783 2229 κατηγορεῖν
800 2153 859 2228 της
880 2144 981 2228 τύχης
1004 2143 1049 2220 ὡς
1070 2154 1179 2222 κακῶς
1196 2145 1219 2210 4

155 2261 226 2328 τοῖς
257 2252 426 2336 πράγμασι
457 2250 665 2336 χρησαμένης
696 2249 751 2317 έπλ
783 2249 1041 2336 περιτραπέντος
1072 2249 1178 2335 αὐτήν

137 2359 299 2434 ’καθίσας
322 2358 485 2442 σκάφους;
509 2357 595 2423 οὕτω
619 2359 734 2435 σκαιὸς
755 2354 807 2442 ήν.
1196 2381 1223 2421 ιο

227 2463 325 2549 Μέλη
355 2466 395 2529 τδι
424 2465 486 2547 μέν
515 2468 698 2552 θεραπείας
727 2462 776 2531 ἔτι
803 2465 959 2550 δεόμενα,
988 2466 1029 2531 τὰ
1056 2465 1094 2532 δὲ
1120 2466 1179 2542 τὰς

155 2571 258 2650 οὐλὰς
280 2569 464 2656 έφέλκουτα
486 2575 614 2638 νεωστί.
656 2573 766 2638 Ambr.

227 2825 243 2874 2
268 2819 333 2882 τοδς
358 2835 444 2888 supra
468 2835 578 2874 versum
603 2820 740 2889 scriptum
812 2825 830 2873 4
854 2816 999 2890 μίγμασιν]
1025 2818 1178 2888 μιμήμασιν

156 2889 268 2958 Struve,
283 2891 333 2946 sed
347 2891 383 2946 of.
397 2891 512 2960 Dionys.
528 2891 564 2946 de
578 2891 657 2946 Isaeo
671 2891 729 2945 iud.
745 2897 762 2945 4
808 2896 841 2944 12
860 2889 1042 2959 *κλινοπετής
1059 2889 1178 2959 πόλεμος

155 2962 224 3030 quid
243 2963 281 3016 sit
299 2962 398 3017 Struve
420 2963 534 3032 ignorat
555 2962 685 3032 διοπετὴς
708 2979 760 3033 ego
780 2979 843 3016 cum
862 2962 911 3015 καλ
930 2961 1107 3030 duplicatum
1126 2962 1177 3028 εἱῖς

155 3033 190 3087 οῖ’.
210 3033 291 3088 Dion.
306 3034 371 3089 Hal.
385 3033 424 3086 XI
438 3039 481 3100 27,
496 3041 513 3088 4
573 3040 607 3088 16
625 3031 676 3102 ὑφ’
694 3032 783 3088 ἑαυτῶ
798 3033 893 3088 Ambr.
915 3031 962 3101 ἐφ’
979 3031 1069 3106 ἑαυτῷ
1084 3033 1178 3088 Κίθεει

154 3103 216 3173 ling
235 3103 270 3157 of.
290 3103 378 3160 Cobet
397 3105 461 3160 obs.
480 3123 508 3174 p.
524 3111 558 3160 οε
614 3111 646 3158 ιι
665 3103 701 3158 τὰ
720 3087 785 3159 add.
804 3103 933 3159 Hertlein
950 3104 1067 3160 Hermes
1084 3103 1176 3158 x421

86 3178 90 3182 ’
156 3179 189 3228 19
209 3174 309 3247 αὐτὴν]
328 3173 413 3238 αὐτὸς
427 3177 526 3232 Stmve
581 3181 615 3230 κο
633 3172 681 3248 ήν]
701 3171 728 3230 εί
740 3175 874 3232 &struve
888 3176 923 3230 cf.
938 3175 1067 3230 Hertlein
1080 3175 1176 3244 Progr.

154 3244 311 3300 wertheim
331 3253 409 3314 1878,
425 3253 440 3302 9
461 3248 604 3318 Kiessh'ng
623 3264 653 3301 οε
670 3247 757 3302 verba
775 3247 870 3302 lacera
889 3247 1038 3302 emendare
1054 3247 1177 3301 noluisse

156 3317 287 3384 adnotat,
311 3334 363 3388 ego
381 3319 480 3386 verba,
504 3336 577 3388 quae
595 3319 737 3388 proverbii
755 3319 848 3374 locum
867 3318 1008 3385 obtinent,
1028 3317 1178 3372 sanissima

155 3403 216 3513 &Kaine
237 3404 341 3513 1οἱρριεεο
414 3397 448 3444 22
474 3389 639 3462 ἐφέλκοντα]
666 3388 713 3459 ἐφ’
735 3388 822 3445 ἑλκῶν
846 3389 947 3460 ἔχοντα
970 3389 1135 3444 dubitanter
1153 3405 1176 3443 ο,

193 3475 236 3514 εει
278 3478 298 3530 g
