2668 3922
159 175 225 241 256
580 204 613 214 -
651 177 696 226 ιΔ
732 203 766 214 -

160 302 245 386 ρίοις
274 297 336 366 όλα
366 301 583 380 διακόψοντες
612 301 652 365 τὰ
683 300 816 382 σώματα
845 310 913 365 τῶν
940 301 1184 386 ἀντιπολέμων·

119 405 271 474 δι”πειτα
297 410 356 486 τὰς
383 407 488 490 ἀκμδις
514 417 581 472 τῶν
609 407 758 491 σιδηρων
780 405 999 494 ἀπέστρεφον.
1045 408 1120 498 (18)
1140 409 1190 477 Ἡ

159 515 197 582 δὲ
224 526 291 580 τῶν
310 513 477 597 Ῥωμαίων
505 513 587 597 ἀλκὴ
614 513 670 578 καί
697 514 781 598 πρὸς
808 514 845 578 τὸ
874 514 1048 602 βάρβαρον
1071 517 1185 584 αὐτῶν

158 620 385 707 ἀντιτέχνησις
415 621 632 697 εὐπαίδευτος
658 642 693 685 τε
719 617 764 704 ἦν
784 621 841 687 καί
863 625 950 686 πολὺ
973 625 1011 689 τὸ
1035 621 1184 709 ἀσφαλὲς

113 747 126 788 ε
158 726 289 814 ἔχουσα.
343 725 392 793 ἔτι
426 729 490 812 γδρ
523 727 635 792 αὐτῶν
667 725 899 812 ἀντειρομένων
930 731 988 807 τὰς
1020 733 1184 818 μαχαίρας

157 835 386 912 δποδύνοντες
414 834 481 899 ὑπὸ
513 835 592 911 τοὺς
623 836 805 919 βραχίονας
835 835 891 900 καλ
922 838 1002 913 τοὺς
1032 841 1184 923 θυρεοὺς

157 944 205 1021 είς
227 941 314 1022 ὕψος
337 941 581 1023 ἀνατείνοντες,
604 937 716 1006 ἔπειτα
737 941 838 1026 γυροί
859 942 915 1008 καί
936 945 1071 1029 βραχεῖς
1090 947 1184 1028 γινό-

157 1071 267 1132 μενοι,
293 1050 351 1126 τὰς
378 1049 440 1131 μὲν
463 1046 601 1114 ἐκείνων
625 1049 754 1132 πληγὰς
780 1047 976 1134 ὑπερπετεῖς
1003 1050 1183 1134 γινομένας

158 1156 346 1242 ἀπράκτους
367 1155 423 1222 καί
445 1156 544 1232 κενὰς
567 1153 716 1238 ἐποίουν,
744 1155 840 1220 αὐτοί
863 1155 901 1221 δέ
924 1156 1014 1242 ὀρθὰ
1036 1159 1078 1222 τὰ
1101 1156 1183 1244 ξίφη

113 1283 139 1323 ιι
158 1262 317 1350 φέροντες
340 1262 516 1346 βουβῶνάς
538 1285 573 1328 τε
596 1261 708 1328 αὐτῶν
733 1258 852 1327 ἔπαιον
875 1262 932 1328 καὶ
959 1265 1105 1347 λαγόνας
1132 1266 1183 1330 δι·

156 1371 264 1460 ηρουν
285 1370 341 1436 καί
364 1370 420 1434 διδ
444 1368 591 1455 στέρνων
619 1367 674 1434 ἐπί
700 1369 740 1434 τδι
768 1368 941 1454 σπλόγχυα
967 1371 1025 1448 τὰς
1053 1373 1182 1456 πληγὰς

156 1475 333 1556 ἐξέτειναν·
357 1473 459 1553 ὅσους
477 1475 515 1541 δὲ
537 1484 641 1541 ταῦτα
662 1477 703 1541 τὰ
726 1475 808 1561 μέρη
832 1476 889 1542 διδ
912 1481 1064 1563 φυλακῆς
1087 1475 1182 1564 ἔχον-

156 1607 214 1662 τας
237 1585 423 1667 αἴσθοιντο,
446 1583 598 1667 γονάτων
620 1581 641 1667 ἢ
665 1592 807 1668 σφυρῶν
829 1591 934 1669 νεῦρα
957 1584 1182 1670 διακείροντες

156 1689 286 1776 έξέχεον
318 1688 372 1756 ἐπὶ
404 1691 466 1774 την
497 1698 562 1773 γῆν
593 1691 798 1774 βεβρυχότας
829 1689 885 1754 καί
916 1693 996 1767 τοὺς
1032 1695 1182 1778 θυρεοὺς

112 1817 138 1858 ιι
157 1797 387 1876 ὀδακτίζοντας
416 1796 472 1861 καί
501 1798 587 1881 βοὴν
610 1797 723 1882 ὠρυγῇ
747 1798 982 1881 παραπλησίαν
1005 1798 1117 1885 ὥσπερ
1140 1801 1181 1865 τὰ

116 1904 137 1970 3
155 1905 261 1989 θηρία
278 1902 505 1990 προϊεμένους.
547 1900 619 1990 (19)
636 1899 688 1969 Ἥ
699 1925 735 1968 τε
756 1902 898 1985 δύναμις
919 1903 1077 1970 ὑπέλειπε
1100 1911 1181 1972 πολ-

156 2014 236 2089 λοὺς
262 2021 330 2076 τῶν
358 2010 538 2096 βαρβάρων
565 2008 775 2093 ἐκλυομένων
801 2020 870 2075 τῶν
897 2015 1007 2092 μελῶν
1030 2010 1097 2077 ὑπὸ
1124 2014 1181 2078 κό-

155 2138 228 2184 πων
251 2118 307 2184 καί
329 2129 397 2183 τῶν
420 2118 533 2184 όπλων
559 2119 600 2183 τὰ
627 2117 689 2200 μὲν
712 2115 940 2200 ἀπεστόμωτο,
967 2118 1008 2181 τδι
1036 2118 1074 2183 δὲ
1099 2134 1180 2184 συν-

156 2224 376 2311 ετέθραυστο,
412 2226 453 2290 τὰ
489 2221 521 2289 δ’
552 2222 664 2290 οὐκέτι
699 2227 931 2308 προσωφελεῖν
963 2223 1091 2289 δυνατὰ
1122 2221 1178 2309 ην·

111 2353 137 2394 ιο
154 2332 255 2417 χωρίς
277 2333 342 2417 γὰρ
365 2340 425 2417 τοῦ
448 2330 689 2417 καταρρέοντος
712 2329 748 2396 ἐκ
772 2340 840 2395 τῶν
862 2329 1060 2414 τραυμάτων
1084 2331 1180 2414 αἵμα-

155 2460 211 2514 τος
234 2439 267 2503 οἱ
290 2435 333 2502 δι’
353 2439 441 2504 ὅλων
464 2437 652 2523 ἐκχεόμενοι
674 2448 742 2503 τῶν
761 2435 921 2519 σωμάτων
942 2437 1079 2522 ἱδρῶτες
1101 2439 1179 2504 οὔτε

154 2545 213 2622 τὰς
231 2546 393 2630 μαχαίρας
411 2545 489 2610 είων
507 2553 641 2630 κρατεῖν
660 2545 737 2609 οὔτε
754 2547 834 2621 τοὺς
851 2547 999 2630 θυρεοὺς
1017 2544 1178 2630 κατέχειν,

155 2653 485 2738 περιολισθανόυτων
511 2660 583 2728 ταῖς
610 2653 728 2734 λαβαῖς
753 2661 822 2718 τῶν
845 2651 1019 2717 δυκτύλων
1041 2653 1098 2718 καί
1119 2655 1179 2732 τὰς

78 2777 85 2794 ·
155 2759 244 2845 ἁφὰς
271 2757 382 2825 οὐκέτι
409 2759 565 2843 κραταιὰς
593 2755 746 2843 ἐχόντων.
799 2755 951 2841 Ῥωμαῖοι
977 2758 1016 2824 δὲ
1042 2765 1178 2826 πολλῶν

110 2887 136 2928 ει
155 2865 275 2944 ἐθάδες
307 2866 400 2942 όντες
432 2866 547 2930 πόνων
579 2864 635 2929 διδ
666 2866 725 2941 τὰς
755 2864 917 2951 ἀτρότους
944 2865 1000 2931 καί
1027 2877 1178 2951 συνεχεῖς

155 2975 326 3057 στρατείας
349 2972 479 3037 ἅπαντα
500 2972 541 3036 τδι
564 2972 658 3036 δεινὰ
676 2974 838 3055 γενναίως
856 2971 1030 3058 ἀνέφερον.
1066 2973 1177 3040 Αικόν.

225 3101 242 3148 4
256 3093 391 3156 εὔπαιδος
399 3093 495 3148 Ambr.
510 3091 693 3156 εὐπαίδευτος
705 3093 811 3160 Maius,
826 3095 988 3162 corruptum
1002 3110 1062 3148 esse
1077 3094 1178 3150 Struve

155 3167 262 3232 οεοεοίς
282 3165 317 3219 cf.
333 3165 623 3221 ΘόλιοΙοεΑυῖωεδτ.
638 3165 699 3219 128
759 3171 775 3220 5
795 3162 999 3234 διαιρουμένων
1017 3165 1113 3222 Ambr.
1133 3169 1177 3221 δι-

154 3233 310 3306 αιρομένων
330 3236 429 3291 δίεπε
448 3234 641 3306 ἀναιρομένων
660 3235 803 3306 Kieseling
867 3242 899 3290 15
919 3237 971 3307 βοῆ
990 3237 1085 3293 Ambr.
1105 3238 1178 3308 βοὴν

153 3308 246 3361 Maius
304 3313 337 3362 18
357 3305 548 3376 συντέθραυτο
566 3307 663 3364 Amba
720 3313 755 3362 κδ
773 3305 1060 3375 περιολισθαινόντων
1078 3308 1176 3364 Ambr.

153 3376 429 3447 περιολισθανόντων
448 3378 536 3434 Cobet
555 3379 619 3434 obs.
638 3397 666 3449 p.
681 3384 734 3433 214
806 3384 840 3432 26
860 3376 999 3448 ἀνέφερον
1017 3379 1112 3435 Ambr.
1133 3382 1178 3436 δι-

154 3447 256 3520 έφερον
274 3449 370 3504 Naber
388 3450 490 3504 Mnem.
506 3455 549 3518 30,
564 3455 615 3505 269
