2656 3932
553 241 587 250 -
624 210 668 264 ῙΑ
705 241 739 250 -
1093 212 1156 276 123

137 339 241 403 ἀλλον
268 338 343 402 τινὰ
369 337 494 422 χρόνον
521 334 718 422 ὡρισμένον,
748 334 820 402 ἀλλ’
842 335 903 413 ἕως
930 334 973 402 ἀν
999 352 1158 421 καταστη-

137 444 274 526 σώμεθα
304 451 415 509 πᾶσαν
443 444 505 528 την
534 444 750 526 νομοθεσίαν.
800 442 1055 521 συντελέσαντες
1084 438 1158 527 οὖν,

137 551 200 616 ὅσα
226 551 309 616 κατὰ
333 558 418 616 νοῦν
441 547 569 635 ἔχομεν,
596 549 652 616 καὶ
679 549 888 635 κυρώσαντες
914 553 993 628 τοὺς
1021 553 1158 627 λοιποὺς

136 659 277 742 νόμους,
304 656 371 723 τότ’
394 657 637 742 ἀποθησόμεθα
664 657 726 741 την
753 656 859 743 ἀρχὴν
885 656 941 722 καί
966 659 1068 742 λόγου
1090 669 1158 724 τῶν

137 763 379 850 πεπραγμένων
405 774 475 842 τοῖς
497 762 715 848 βουλομένοις
741 763 836 847 ὑμῶν
858 761 1033 849 ῦφέξομεν.
1078 763 1159 842 τέως
1190 782 1202 823 ε

137 870 168 936 θ’
185 871 287 938 οὐδέν
305 870 531 954 ἐλαττώσομευ
549 870 630 937 οάόέ
647 879 706 955 τῆς
722 869 884 954 ὑπατικῆς
906 868 1057 949 ἐξουσίας
1079 871 1160 936 οὐδὲ

136 989 195 1063 τῆς
212 979 428 1064 δημαρχικῆς.
474 979 550 1064 περὶ
573 978 611 1044 θέ
633 987 694 1043 τοῦ
717 976 879 1061 πολέμου,
901 979 977 1043 τίνα
999 979 1061 1064 χρὴ
1084 980 1159 1064 τρό-
1177 976 1198 1040 6

137 1107 202 1151 που
221 1086 266 1164 ὡς
285 1085 420 1171 τάχιστα
437 1086 493 1151 καὶ
511 1085 669 1150 κάλλιστα
686 1087 766 1161 τοὺς
788 1082 933 1170 ἐχθροὺς
955 1085 1159 1170 ἀμύνασθαι,

136 1194 269 1277 γνώμας
301 1191 380 1271 ἀξιῶ
413 1195 593 1279 παριόντας
626 1191 712 1275 ὑμᾶς
744 1190 864 1276 λέγειν,
899 1193 1052 1277 πρώτους
1087 1192 1159 1277 μέν,

138 1300 248 1385 ὥσπερ
285 1298 356 1366 ἐστί
392 1300 540 1384 σύνηθες
575 1299 631 1364 καὶ
666 1297 796 1384 πρέπον
831 1299 923 1383 ὑμῖν,
963 1301 1042 1376 τοὺς
1082 1320 1159 1386 πρε·
1178 1317 1204 1357 1⁰

138 1407 335 1493 σβυτέρους,
365 1403 477 1472 ἔπειτα
505 1408 584 1482 τοὺς
612 1405 749 1490 μέσους,
778 1407 988 1484 τελευταίους
1017 1406 1055 1472 δέ
1081 1410 1160 1485 τοὺς

137 1514 330 1590 νεωτάτους.

210 1618 281 1684 VH.
317 1619 414 1686 Ταῦτ’
442 1621 546 1685 εἰπών
573 1630 707 1705 πρῶτον
734 1620 795 1702 μὲν
818 1619 927 1686 ἐκάλει
953 1621 1013 1686 τὸν
1038 1619 1159 1688 ἑαυτοῦ

138 1733 237 1793 θεῖον
256 1726 360 1793 Γάιον
378 1727 560 1792 Κλαύδιον.
593 1726 611 1792 ὁ
632 1724 664 1791 θ’
680 1727 825 1804 ἀναστὰς
846 1728 1004 1812 τοιαύτην
1027 1726 1159 1796 διέθετο

138 1834 359 1920 δημηγορίαν·
379 1831 514 1918 Ἐπειθη
535 1857 576 1917 με
598 1845 733 1919 πρῶτον
754 1833 892 1918 γνώμην
910 1833 1160 1920 ἀποφαίνεσθαι
1179 1858 1205 1899 τι

138 1939 225 2019 ἀξιοῖ
238 1938 392 2024 Ἄππιος,
417 1937 442 2008 ἀι
461 1944 583 2026 βουλή,
603 1952 708 2023 τιμών
726 1941 782 2006 διὰ
800 1941 837 2007 τὸ
856 1941 1031 2025 συγγενές,
1049 1943 1159 2031 ώσπερ

138 2048 226 2134 αὐτῷ
246 2052 420 2134 προσήκει,
442 2048 497 2114 καὶ
516 2048 568 2113 δεῖ
586 2070 626 2130 με
646 2047 667 2112 ἃ
691 2057 807 2132 φρονῶ
831 2048 907 2144 περὶ
929 2057 989 2115 τοῦ
1013 2049 1159 2132 πολέμου

138 2164 197 2221 τοῦ
227 2157 311 2241 πρὸς
337 2156 507 2232 Αἰκανοὺς
536 2154 592 2220 καί
621 2156 793 2236 Σαβίνους
823 2154 940 2237 εἰπεῖν,
968 2154 1056 2240 πρίν·
1079 2154 1160 2221 ἀπο-

53 2260 313 2340 2174δείξασθαι
335 2263 397 2345 τὴν
419 2259 564 2344 ἐμαυτοῦ
587 2259 752 2344 διάνοιαν,
779 2258 886 2326 ἐκεῖνο
909 2263 1095 2346 βουλοίμην
1118 2262 1160 2328 ἀν

137 2369 222 2452 ὑμᾶς
250 2365 412 2451 ἐξετάσαι,
439 2369 528 2433 τίσιν
551 2365 754 2453 ἐπαρθέντες
781 2365 912 2432 ἐλπίσιν
935 2368 1078 2434 Αίκαυοί
1104 2370 1160 2436 καί
1179 2392 1205 2432 ιο

137 2479 283 2560 Σαβῖνοι
309 2476 456 2557 πόλεμον
482 2471 674 2557 ἐπενεγκεῖν
701 2471 886 2559 ἐτόλμησαν
908 2475 992 2568 Ιἡμῖν
1016 2476 1072 2542 καῖ
1098 2479 1161 2562 τὴν

137 2583 250 2668 χώραν
268 2580 418 2658 ἐπιόντες
441 2585 622 2665 λεηλατεῖν,
646 2581 679 2645 οί
701 2579 781 2659 τέως
804 2579 996 2665 ἀγαπῶντες
1015 2584 1071 2648 καί
1091 2593 1161 2661 τοῖς

137 2697 233 2767 θεοῖς
262 2689 390 2773 πολλὴν
421 2687 519 2774 χάριν
549 2687 687 2772 εἰδότες,
719 2687 752 2752 εί
781 2710 830 2766 τις
862 2689 985 2766 αὐτοὺς
1016 2690 1068 2755 εἴα
1099 2693 1161 2775 τὴν

139 2796 267 2863 ἑαυτῶν
297 2793 385 2882 ἔχειν
414 2795 579 2880 ἀσφαλῶς.
625 2791 684 2860 ἐὰν
713 2797 778 2880 γάρ
807 2805 905 2862 τοῦτο
932 2797 1075 2881 μάθητε,
1105 2797 1162 2863 καῖ

139 2905 201 2987 τὴν
232 2904 426 2987 ἀπαλλαγὴν
457 2911 518 2967 τοῦ
550 2900 696 2983 πολέμου
728 2910 789 2968 τοῦ
809 2903 904 2988 ,πρὸς
936 2901 1059 2980 αὐτοὺς
1089 2903 1161 2987 ἥτις
1179 2925 1205 2966 ιε

141 3007 231 3075 ἔσται
252 3013 409 3096 κρατίστη
432 3011 637 3092 μαθήσεσθε.
674 3006 795 3075 ἐκεῖνοι
813 3012 931 3075 τοίνυν
949 3008 1160 3094 ἀκούσαντες,
1179 3013 1200 3077 2

156 3295 157 3302 1
213 3259 229 3309 3
248 3254 278 3310 ἐν
297 3259 336 3328 νῷ
352 3255 451 3326 ἔχομεν
465 3272 488 3310 ο.
499 3253 587 3309 Cobet
601 3253 667 3309 obs.
681 3272 709 3323 p.
720 3259 772 3308 204
791 3254 864 3309 κατὰ
882 3262 951 3309 νοῦν
968 3270 1032 3309 mea
1046 3256 1160 3324 quidem

141 3325 281 3382 sententia
303 3326 391 3381 habet
412 3327 470 3380 vim
492 3325 566 3380 κατὰ
588 3321 683 3394 θυμὸν
706 3325 822 3380 Homeri
894 3331 910 3380 8
929 3325 1072 3398 κάλλιστα]
1091 3327 1160 3395 κρώ-

139 3414 219 3453 τιστιι
237 3397 359 3452 Κίεεεῖίυ
452 3395 639 3466 9τιρῶτουο
662 3397 815 3465 ρηειειΙι
889 3402 923 3451 16
942 3396 991 3452 διὰ
1009 3397 1160 3452 delendum

140 3469 185 3526 vel
204 3469 239 3539 δὴ
257 3465 289 3524 τὸ
309 3415 391 3524 suriz.
411 3483 471 3524 esse
489 3468 593 3522 Reiske
612 3471 708 3523 οειιιοῖ
