2668 3922
161 193 227 258 τοο
580 221 614 230 -
651 195 691 245 ω
728 171 775 230 -’

160 319 215 384 καί
238 321 317 394 τοὺς
339 317 487 394 ὑπάτους
509 316 717 401 ἀμφοτέρους
740 315 869 401 ἐξάγειν
892 317 1057 400 δυνάμεις.
1104 318 1182 385 ἀντ-

161 425 323 510 έπραττον
345 423 384 489 ἀὲ
406 433 475 501 τοῖς
497 430 703 507 γνωσθεῖσιν
725 420 783 500 ὑπ’
806 424 916 490 αὐτῶν
937 425 970 490 οί
992 425 1053 490 τὸν
1074 427 1182 508 νόμον

160 531 371 617 εἰσφέροντες
390 528 519 616 [ἔχουσι
539 527 570 595 d’
584 529 739 608 ἐξουσίαν
757 528 996 597 ἐναντιοῦσθαι
1018 532 1182 617 δήμαρχοι

159 647 229 715 τοῖς
260 637 411 722 ὑπάτοις]
445 637 690 723 ἀφαιρούμενοί
718 660 754 703 τε
785 639 864 713 τοὺς
900 636 1083 721 ἀγομένους
1119 637 1177 704 ὑπ’

129 746 271 810 ταύτόν
294 743 349 811 ἐπί
371 747 431 810 τὸν
455 745 690 831 στρατιωτικὸν
714 744 826 830 ὅρκον,
853 744 909 809 καλ
935 747 1096 831 τιμωρίαν
1124 746 1182 811 οὐ-

160 852 278 934 δεμίαν
318 851 437 929 ἐῶντες
478 851 660 935 λαμβάνειν
700 852 789 936 παρὰ
829 861 897 916 τῶν
937 850 1181 918 ἀπειθούντων.

119 959 266 1024 4πολλά
300 958 338 1024 δὲ
368 968 427 1042 τῆς
458 961 582 1043 βουλῆς
614 956 769 1041 ἀξιούσης
800 957 837 1023 ἐν
868 957 930 1040 μὲν
961 969 1007 1044 τῷ
1039 961 1181 1044 παρόντι

159 1068 268 1153 χρόνῳ
296 1067 358 1151 την
381 1068 591 1151 φιλονεικίαν
617 1068 826 1148 καταβαλεῖν,
855 1065 936 1130 ὅταν
963 1065 1001 1130 δέ
1027 1065 1121 1143 τέλος
1147 1068 1182 1132 οῖ
1243 1107 1247 1116 -

159 1175 297 1255 πόλεμοι
320 1173 461 1257 λάβωσι,
484 1175 557 1238 τότε
579 1171 778 1256 προτιθέναι
801 1172 860 1237 τὸν
883 1172 960 1256 περί
982 1182 1050 1238 τῶν
1068 1172 1182 1259 ἀρχαι-

116 1301 141 1340 ιο
160 1291 280 1366 ρεσιῶν
308 1283 424 1364 νόμον,
452 1279 523 1346 otte
550 1280 713 1344 τοσούτου
741 1277 881 1362 ἐδέησαν
905 1273 988 1356 είξαι
1014 1289 1084 1358 τοῖς
1109 1305 1182 1346 και-

160 1398 246 1472 ροῖς,
276 1388 359 1454 ὥστε
389 1387 445 1452 καί
475 1386 551 1471 περὶ
580 1397 648 1451 τῶν
678 1387 790 1451 ἀλλων
819 1384 1082 1452 ἐναντιώσεσθαι
1110 1398 1181 1467 τοῖς
1191 1408 1267 1458 2290
1324 1399 1325 1420 ³

160 1496 301 1579 δόγμασι
329 1505 386 1578 τῆς
414 1497 538 1577 βουλῆς
565 1489 692 1576 ἔλεγον,
721 1494 777 1558 καὶ
805 1493 907 1558 οὐδὲν
934 1491 1045 1559 ἐάσειν
1073 1494 1182 1578 δόγμα

158 1603 233 1688 περὶ
259 1603 397 1678 οὐθενὸς
419 1607 616 1684 κυρωθῆναι
641 1600 845 1686 πράγματος,
874 1598 933 1666 ἐὰν
959 1602 1003 1685 μη
1031 1602 1092 1666 τὸν
1118 1599 1176 1666 ὑπ’

119 1707 269 1773 ὃαύτῶν
293 1709 531 1792 είσφερόμενον
555 1708 788 1796 προβουλεύση
810 1708 924 1789 νόμον.
969 1708 1025 1773 καί
1055 1709 1096 1774 οὐ
1122 1711 1181 1791 μό-

115 1836 140 1876 ιε
158 1839 221 1880 νον
251 1813 289 1880 ἐν
316 1826 361 1900 τῷ
390 1814 555 1901 συνεδρίῳ
583 1815 666 1898 πρὸς
693 1816 771 1890 τοὺς
798 1813 945 1891 ὑπάτους
974 1811 1065 1880 ταῦτ’
1089 1814 1181 1880 ἀπει-

159 1928 256 2007 λῆσαι
274 1924 504 2007 προήχθησαν,
524 1920 607 1986 ἀλλά
625 1922 680 1986 καί
699 1920 753 1986 ἐπί
770 1930 829 2004 τῆς
847 1919 1029 2006 ἐκκλησίας,
1049 1922 1181 2007 ὅρκους,

158 2031 253 2115 οἵπερ
286 2029 352 2094 εἰσὶ
384 2027 533 2112 μέγιστοι
569 2025 647 2113 παρ’
675 2029 803 2111 αὐτοῖς,
839 2029 921 2093 κατὰ
957 2037 1014 2112 τῆς
1051 2027 1180 2095 έαυτῶν

158 2140 298 2214 πίστεως
327 2135 577 2220 θιομοσάμενοι,
607 2136 663 2201 ἵνα
692 2135 778 2219 μηδέ
804 2158 837 2200 τι
865 2146 934 2201 τῶν
961 2133 1180 2218 ἐγνωσμένων

158 2245 272 2321 αὐτοῖς
294 2249 485 2309 πεισθεῖσιν
508 2241 564 2328 ἐξῇ
587 2242 772 2309 καταλύειν.

113 2377 139 2415 ιο
228 2351 296 2416 LV.
337 2351 431 2436 Πρὸς
466 2351 508 2433 θη
540 2351 599 2426 τὰς
630 2349 765 2427 ἀπειλὰς
796 2350 918 2427 ταύτας
949 2347 1125 2434 ἐσκόπουν,
1160 2351 1179 2415 ὅ

157 2481 189 2522 τι
218 2458 279 2542 χρη
305 2467 425 2540 ποιεῖν,
453 2458 485 2523 ολ
515 2457 740 2542 πρεσβύτατοί
767 2479 802 2521 τε
834 2457 889 2522 καί
920 2458 1180 2542 κορυφαιότατοι
1190 2476 1265 2528 2291

156 2574 224 2630 τῶν
262 2565 514 2648 προεστηκότων
554 2574 612 2648 τῆς
652 2562 917 2649 ἀριστοκρατίας,
954 2562 1180 2648 συναχθέντες

229 2746 244 2794 2
268 2737 317 2794 ὑπ’
339 2739 431 2793 αὐτῶν
451 2738 473 2793 0
499 2735 555 2793 ὑπὸ
577 2747 632 2792 τῶν
653 2738 768 2793 ὑπάτων
792 2756 814 2793 ο.
837 2739 979 2810 Kiessling
1051 2744 1067 2793 d
1092 2738 1179 2794 verba

157 2811 251 2882 έχουσι
267 2827 290 2865 e.
301 2828 327 2879 q.
339 2828 359 2864 ε.
377 2827 440 2864 cnm
459 2809 599 2880 glossema
618 2825 716 2878 sapere
730 2810 892 2865 viderentur
905 2810 1047 2880 Kiessling
1064 2810 1180 2865 seclusit

157 2879 361 2951 ἀπροτιθέναι
379 2881 436 2936 LM
456 2877 680 2949 nnonvtdtvatV
708 2882 711 2953 Ι
739 2879 789 2938 τὸν
808 2899 861 2936 om.
877 2882 932 2936 VM
1005 2887 1038 2936 10
1058 2882 1086 2936 οἱ
1105 2881 1178 2937 6ὲο

157 2953 184 3010 οἱ
203 2955 341 3026 δήμαρχοι
360 2971 382 3008 ο.
397 2953 540 3023 Kiessling
559 2952 586 3007 ολ
605 2952 636 3006 δέ
655 2953 685 3006 in
704 2953 789 3007 simili
803 2954 962 3008 redditione
980 2971 1030 3023 pro
1050 2952 1110 3008 οίδε
1129 2970 1180 3008 seu

157 3022 234 3081 οὗτοι
258 3028 344 3080 etiam
368 3025 445 3094 apud
467 3025 638 3078 Pausaniam
657 3024 715 3094 legi
734 3023 856 3095 Sylburg
875 3026 1022 3079 adnotavit
1046 3023 1124 3079 *οίδε
1148 3025 1180 3079 in

155 3099 264 3152 textum
290 3098 385 3166 recepi
419 3097 421 3168 i
455 3096 590 3151 τοσούτου
608 3095 656 3150 LV
674 3097 851 3152 τοσοῦτονΒ
929 3103 962 3151 12
988 3095 1080 3151 ἐάσειν
1103 3097 1180 3150 LaR

157 3167 228 3222 ἑλεῖν
247 3168 292 3221 Lb
349 3173 381 3222 13
401 3167 470 3236 ὑπὲρ
490 3166 620 3223 αύτῶκΟ
639 3164 688 3222 ὑπ’
706 3168 798 3222 αὐτῶν
818 3167 940 3238 Sylburg
994 3174 1027 3222 18
1046 3167 1179 3237 διομοσά-
1263 3173 1265 3180 ⁴

156 3258 235 3307 μενοι
254 3239 310 3292 LM
330 3239 572 3308 ύιωμοσάμενοιλ7
591 3236 764 3308 διωμόσαντο
784 3239 907 3308 Sylburg
925 3240 960 3294 cf.
979 3240 1087 3308 Kayser
1105 3240 1177 3294 Ann.

156 3309 225 3379 phil.
249 3315 326 3376 18⁷0,
349 3317 400 3365 726
436 3311 438 3382 i
474 3309 522 3366 ἴνα
540 3308 610 3380 μηδέ
627 3330 654 3364 τι
672 3319 728 3364 τῶν
747 3309 826 3364 LVM
848 3310 935 3380 μηδὲν
958 3319 1013 3366 τῶν
1036 3311 1179 3381 Kiessling

157 3386 190 3434 19
209 3382 358 3436 καταλύειν
376 3381 406 3435 Μ
424 3399 477 3436 om.
493 3381 541 3435 LV
615 3387 648 3436 20
673 3378 745 3449 πρὸς
769 3381 804 3452 δὴ
830 3381 880 3443 τὰς
905 3382 1021 3444 ἀπειλὰς
1043 3384 1108 3452 post
1130 3382 1179 3455 ἐξῇ

157 3452 200 3506 bis
219 3453 249 3506 in
267 3453 289 3505 L
308 3453 413 3521 legitur
