2662 3920
169 203 213 268 48
601 231 634 238 -
672 203 687 252 1
723 231 756 274 ’T

170 326 208 392 ἐν
234 337 280 414 τῷ
308 324 426 412 χάρακι
452 325 599 410 μεγάλην
622 322 686 411 ἔφη
710 324 890 392 δεδωκέναι
912 326 1042 411 δωρεάν
1065 327 1106 392 τά
1129 326 1196 392 σῶ-

130 436 255 515 θματα
288 432 398 498 αὐτῶν
430 429 467 497 ἐκ
497 432 649 498 θανάτου
682 431 875 520 ῥυσάμενος.
929 441 1033 498 ταῦτα
1067 431 1195 518 πράξας

170 541 225 606 καλ
257 541 316 606 τὸν
343 539 524 623 Μηνύκιον
555 539 748 606 ἀποθέσθαι
778 540 840 624 τήν
870 538 975 626 ἀρχήν
1003 537 1194 624 ἀναγκάσας

171 645 373 732 ἀνέστρεψεν
395 647 444 723 ελς
467 646 529 730 τήν
547 643 673 732 Ῥώμην
695 636 751 714 καί
773 649 936 731 κατήγαγε
960 649 1193 734 λαμπρότατον
1204 666 1282 715 2056

139 753 326 818 ιάπάντων
357 755 530 838 ἡγεμόνων
561 755 743 840 θρίαμβον,
779 753 817 820 ἐν
850 753 986 840 ἡμέραις
1020 752 1194 820 ἑκκαίδεκα

170 871 241 939 ταῖς
263 861 397 945 πάσαις,
421 857 479 946 ἀφ’
497 856 536 944 ής
558 860 723 946 παρέλαβε
746 862 808 946 τήν
827 859 943 946 ἀρχήν,
966 861 1194 946 στρατόπεδόν

169 991 204 1033 τε
237 968 345 1045 σώσας
377 969 493 1052 φίλιον
524 968 580 1032 καί
611 970 778 1050 πολεμίων
809 969 955 1050 δύναμιν
982 967 1193 1052 ἀκμάζουσαν

169 1075 324 1140 καθελὼν
347 1077 446 1141 πόλιν
468 1097 504 1140 τε
527 1074 638 1141 αὐτῶν
665 1079 840 1161 πορθήσας
866 1075 922 1140 καί
950 1077 1105 1161 φρουράν
1133 1075 1197 1170 αὐ]

169 1191 227 1265 τῆς
253 1181 428 1248 ὑπολιπὼν
454 1183 514 1247 τόν
541 1204 576 1246 τε
603 1182 749 1266 ἡγεμόνα
776 1191 836 1250 τοῦ
864 1181 1011 1266 πολέμου
1034 1181 1192 1258 καὶτοὺς

126 1312 152 1350 10
170 1289 292 1366 ἀλλους
321 1287 494 1374 ἐπιφανεῖς
523 1289 648 1374 ἀνδρας
678 1289 794 1356 ἀλύσει
823 1288 1021 1372 δεδεμένους
1048 1287 1192 1373 ἀγαγών.

130 1396 224 1462 3καλ
256 1395 274 1460 δ
306 1396 447 1478 μάλιστα
478 1395 614 1462 πάντων
646 1396 750 1462 αὐτοῦ
783 1396 968 1478 θαυμάζειν
999 1393 1104 1480 ἀξιον,
1140 1396 1192 1461 ὅτι

169 1503 230 1587 τήν
258 1503 423 1586 τοσαύτην
450 1502 557 1588 ἀρχήν
579 1504 627 1579 εἰς
653 1501 816 1588 ἑξάμηνον
840 1504 984 1590 εἰληφὼς
1011 1503 1074 1570 οὐκ
1097 1501 1192 1590 ἐγρή-

170 1626 250 1675 σατο
273 1610 373 1675 παντὶ
395 1621 441 1695 τῷ
464 1611 571 1696 νόμφ,
599 1609 683 1676 ἀλλά
708 1611 908 1694 συναγαγὼν
931 1612 991 1676 τὸν
1013 1611 1121 1695 δήμου
1144 1611 1192 1687 είς

169 1714 346 1800 ἐκκλησίαν
373 1717 429 1782 καί
456 1717 532 1802 περὶ
559 1726 627 1782 τῶν
654 1716 895 1802 πεπραγμένων
919 1719 1021 1802 λόγον
1044 1717 1192 1794 ἀποδοὺς

125 1844 150 1884 ιε
170 1821 355 1906 ἐξωμόσατο
378 1823 440 1906 τήν
463 1822 568 1908 ἀρχήν
590 1834 648 1908 τῆς
670 1847 705 1888 τε
728 1827 853 1909 βουλῆς
880 1823 1038 1908 δεομένης
1064 1835 1129 1910 γήν
1155 1847 1191 1890 τε

170 1930 253 2014 ὅσην
282 1927 438 2012 ἐβούλετο
469 1933 584 2012 λαβεῖν
614 1929 651 1996 ἐκ
679 1940 737 2014 τής
763 1931 960 2016 δορικτήτου
987 1931 1043 1998 καί
1071 1931 1190 2017 ἀνδρά-

169 2037 256 2102 ποδα
279 2037 334 2102 καί
356 2040 504 2122 χρήματα
527 2035 563 2104 ἐκ
586 2048 654 2104 τῶν
679 2038 841 2124 λαφύρων
866 2037 1102 2124 ἐπανορθῶσαι
1128 2038 1191 2122 τήν

169 2146 288 2209 πενίαν
320 2145 452 2232 πλούτφ
485 2145 616 2233 δικαίφ,
649 2144 690 2210 ὃν
722 2143 786 2210 ἀπὸ
818 2148 986 2228 πολεμίων
1013 2145 1191 2212 κάλλιστον
1288 2153 1291 2160 “

169 2249 325 2336 ἐκτήσατο
357 2262 427 2328 τοῖς
461 2252 558 2329 ἰδίοις
589 2254 721 2336 πόνοις,
753 2253 815 2318 οὐκ
845 2251 979 2337 ήξίωσε,
1013 2254 1123 2337 φίλων
1155 2275 1189 2316 τε

125 2379 151 2418 εο
168 2359 224 2422 καὶ
246 2369 420 2442 συγγενῶν
443 2359 569 2445 δωρεάς
587 2361 854 2451 προσφερόντων
871 2359 1015 2444 μεγάλας
1036 2359 1092 2424 καὶ
1115 2359 1268 2425 ἀντὶνοστ

169 2466 292 2542 παντὸς
333 2465 465 2549 ἀγαθοῦ
505 2466 692 2549 τιθεμένων
732 2465 862 2532 ἐκεῖνον
902 2467 961 2532 τὸν
1002 2467 1110 2552 ἀνδρα
1151 2460 1188 2532 εὖ

169 2579 289 2655 ποιεῖν,
321 2569 495 2649 ἐπαινέσας
527 2573 649 2650 αὐτοὺς
680 2584 739 2658 τής
768 2575 961 2660 προθυμίας
987 2573 1095 2638 οὐθὲν
1122 2583 1189 2640 τῶν

169 2676 355 2759 διδομένων
383 2675 512 2763 ἐλαβεν,
542 2677 615 2746 ἀλλ’
640 2679 770 2764 ἀπῆλθε
800 2681 901 2748 πάλιν
930 2682 978 2758 εἰς
1004 2682 1042 2745 τὸ
1069 2681 1188 2766 μικρὸν

169 2783 276 2850 ἐκεῖνο
308 2787 442 2871 χωρίον,
478 2786 534 2854 καί
570 2788 630 2853 τὸν
662 2786 851 2872 αὐτουργὸν
883 2789 986 2855 αὐτοῦ
1019 2787 1095 2854 ἀντὶ
1128 2795 1187 2852 τοῦ

125 2913 151 2952 ει
168 2894 343 2973 βασιλικοῦ
370 2896 558 2978 μετειλήφει
585 2895 673 2978 βίον,
702 2897 814 2978 μείζων
843 2906 981 2982 φρονῶν
1009 2893 1063 2960 ἐπὶ
1090 2896 1188 2982 πενίη

129 2998 189 3082 4ή
220 3000 314 3064 ἀλλοι
344 2998 398 3066 έπλ
428 3000 568 3088 πλούτῳ.
614 2997 683 3083 μετ’
708 3001 748 3066 ού
779 3004 888 3068 πολὺν
917 3002 955 3067 δὲ
982 3003 1106 3087 χρόνον
1133 3001 1188 3066 καί

168 3107 332 3190 Ναύτιος,
362 3106 478 3192 ἀτερος
506 3117 574 3174 τῶν
603 3107 749 3192 ὑπάτων,
779 3113 916 3193 νικήσας
948 3111 1120 3193 Σαβίνους
1152 3107 1187 3174 ἐκ

241 3288 256 3335 ό
275 3279 419 3352 ἡγεμόνων
434 3282 456 3338 O
475 3281 625 3353 γενόμενον
645 3302 667 3340 ο.
682 3285 779 3340 Naber
791 3285 893 3340 Mnem.
905 3290 947 3352 30,
959 3289 1010 3338 253
1067 3289 1101 3337 10
1120 3284 1187 3352 ἀγα-

169 3354 225 3421 γὼν
240 3355 265 3406 Α
279 3353 370 3408 om.B
389 3353 505 3424 ἀγωνΒ
558 3361 590 3410 11
611 3354 654 3410 ότι
672 3356 726 3411 del.
740 3356 838 3410 Vassis
855 3356 960 3423 Ἀθηνᾶ
978 3358 1045 3410 tom.
1055 3355 1121 3408 VIII
1136 3361 1186 3408 262

171 3429 204 3477 13
214 3421 301 3496 νόμῳ]
331 3423 569 3497 ρόνφοθγΙλιοτς
601 3425 915 3496 17έτιανορθῶσαίτεΒ
948 3422 1188 3497 24αότού]αόθις

170 3512 192 3550 c.
204 3494 292 3550 Cobet
306 3444 372 3550 ὅδε.
386 3512 413 3564 p.
426 3502 476 3550 192
525 3503 559 3552 25
573 3498 730 3568 μετειλήφει
739 3499 791 3552 ΑΒ
805 3495 949 3566 μετείληφε
964 3496 990 3550 R
1003 3499 1032 3552 et
1045 3496 1188 3565 Kiessling
