2662 3920
174 191 217 256 32
602 219 636 227 -
674 192 689 242 1
724 220 758 228 -

172 337 285 392 τοντες
317 313 457 392 έαυτοὺς
487 314 508 399 ἢ
540 316 623 380 κατὰ
654 326 722 384 τῶν
753 327 909 402 κρημνῶν
941 317 1112 396 ὠθοῦντες
1144 319 1197 383 δι-
1312 303 1313 306 ¹

173 422 380 507 εφθάρησαν.

243 527 345 594 XVII.
375 535 480 594 Τοῦτο
517 531 554 594 τὸ
591 529 684 609 τέλος
720 533 882 614 λαβόντος
917 540 977 598 τοῦ
1015 537 1196 622 λῃστρικοῦ

173 635 319 718 πολέμου
357 637 419 721 τὴν
456 639 630 722 πολιτικὴν
668 637 769 703 πάλιν
806 637 1017 724 ἀνερρίπιζον
1048 640 1081 704 ολ
1113 640 1197 724 δημ-

144 764 270 829 ιαρχοι
292 743 409 808 στάσιν
432 741 601 822 ἀξιοῦντες
624 743 806 827 ἀπολαβεῖν
828 747 918 832 παρὰ
937 755 997 812 τοῦ
1021 748 1198 830 περιόντος

173 850 302 916 ὑπάτου
329 852 388 928 τδις
414 850 623 937 ὑποσχέσεις,
651 850 690 929 ἀς
717 850 893 937 ἐποιήσατο
921 854 1004 938 πρὸς
1029 853 1196 930 αὑτοὺςὺ

173 959 344 1043 τεθνηκὼς
371 957 408 1024 έν
437 968 477 1045 τῇ
507 959 593 1048 μάχη
625 958 806 1043 Οὐαλέριος
835 959 919 1044 ὑπὲρ
947 970 1005 1044 τῆς
1034 961 1197 1046 εἰσφορᾶς

173 1073 233 1130 τοῦ
257 1067 372 1148 νόμου.
418 1065 436 1131 ό
460 1065 498 1131 δὲ
520 1066 691 1143 Κλαύδιος
715 1065 810 1153 μέχρι
837 1066 898 1149 μέν
913 1063 1012 1144 τινος
1038 1071 1196 1150 παρεῖλκε

173 1173 233 1237 τὸν
255 1174 380 1258 χρόνον
397 1173 471 1238 τοτὲ
493 1173 555 1256 μὲν
577 1176 773 1257 καθαρμοὺς
794 1184 852 1258 τῆς
875 1175 1000 1251 πόλεως
1024 1172 1196 1258 ἐπιτελῶν,

130 1299 156 1340 ιο
173 1280 248 1345 τοτὲ
279 1279 317 1345 δὲ
348 1283 472 1358 θυσίας
504 1289 573 1357 τοῖς
604 1286 699 1357 θεοῖς
731 1282 965 1366 χαριστηρίους
1001 1280 1196 1364 ἀποδιδούς,

173 1387 247 1453 τοτὲ
274 1384 305 1452 δ’
328 1387 432 1472 ἀγῶσι
459 1386 515 1452 καί
542 1386 638 1464 θέαις
666 1385 910 1471 ἀναλαμβάνων
932 1389 970 1454 τὸ
993 1391 1124 1472 πλῆθος
1146 1393 1196 1466 είς

65 1562 67 1570 ,
134 1493 363 1572 2εὑπαθείας.
400 1494 444 1570 ὡς
463 1491 493 1558 δ’
507 1494 542 1558 αἱ
560 1496 696 1578 σκήψεις
714 1494 804 1582 αὑτῷ
825 1504 928 1560 πᾶσαι
950 1496 1195 1580 κατανάλωντο,
1206 1513 1280 1562 2031

172 1605 335 1667 τελευτῶν
367 1597 431 1685 ἔφη
464 1601 537 1665 δεῖν
569 1601 617 1677 είς
648 1602 708 1665 τὸν
739 1611 799 1667 τοῦ
831 1604 1032 1687 τεθνηκότος
1063 1603 1194 1669 ὑπάτου

172 1710 276 1773 τόπον
304 1706 418 1794 ἕτερον
445 1705 697 1792 ἀποδειχθῆναι.
743 1709 783 1772 τδι
810 1709 872 1791 μὲν
899 1713 962 1794 γάρ
990 1707 1049 1796 ὑφ’
1072 1708 1194 1776 ἑαυτοῦ

130 1835 155 1876 ιε
172 1815 278 1896 μόνον
311 1812 504 1899 πραχθέντα
536 1815 613 1880 οὑτε
645 1816 768 1897 νόμιμα
795 1816 872 1881 οὑτε
900 1817 1018 1900 βέβαια
1045 1813 1195 1900 ἔσεσθαι,

173 1922 213 1986 τὰ
245 1917 275 1985 δ’
303 1917 360 1986 ὑπ’
387 1921 514 2007 ἀμφοῖν
547 1918 670 2004 ἔννομά
697 1944 732 1986 τε
759 1923 815 1988 καλ
842 1923 950 2008 κύρια.
997 1924 1100 2014 ταότη
1123 1924 1195 1988 δια-

172 2027 397 2112 κρουσάμενος
430 2029 552 2106 αὐτοὺς
584 2037 624 2114 τῇ
656 2029 823 2113 προφάσει
854 2040 1013 2115 προεῖπεν
1043 2030 1195 2116 ἀρχαιρε·

173 2137 256 2200 σίων
273 2134 410 2222 ἡμέραν,
429 2134 467 2202 έν
489 2127 511 2226 ᾗ
534 2137 594 2201 τὸν
613 2136 823 2222 συνάρχοντα
844 2133 979 2219 ἔμελλεν
997 2136 1193 2215 ἀποδείξειν.

173 2239 210 2306 έν
238 2241 276 2307 δὲ
302 2253 347 2329 τῷ
375 2240 496 2325 μεταξὺ
523 2245 633 2331 χρόνῳ
662 2240 706 2307 δι’
729 2243 926 2330 ἀπορρήτων
958 2245 1195 2327 βουλευμάτων

25 2395 37 2419 .
129 2373 156 2412 ιο
174 2349 206 2413 ολ
233 2351 470 2435 προεστηκότες
497 2359 557 2416 τοῦ
585 2351 765 2436 συνεδρίου
794 2350 978 2417 συνέθεντο
1002 2351 1083 2416 κατὰ
1106 2359 1195 2435 σφᾶς

134 2454 310 2538 3αὑτοός,
343 2456 406 2544 ὅτῳ
435 2458 672 2542 παραδώσουσι
699 2459 760 2542 την
788 2457 901 2543 ἀρχόν.
951 2458 1006 2523 καλ
1034 2456 1146 2542 ἐπειδὴ
1175 2456 1194 2523 δ

173 2571 241 2626 τῶν
277 2560 496 2647 ἀρχαιρεσίων
533 2562 648 2648 ἐνέστη
685 2565 819 2649 χρόνος,
855 2565 910 2629 καί
947 2563 965 2630 ὑ
997 2563 1101 2650 κῆρυξ
1133 2566 1195 2649 την

173 2668 308 2753 πρώτην
344 2666 437 2746 τάξιν
473 2668 639 2752 ἐκάλεσεν,
680 2671 889 2748 εἰσελθόντες
930 2673 977 2749 είς
1017 2673 1077 2737 τὸν
1114 2672 1194 2738 ἀπο-

175 2774 351 2861 δειχθέντα
373 2777 477 2841 τόπον
501 2773 584 2841 οἵτ’
605 2776 826 2843 ὀκτωκαίδεκα
852 2781 943 2864 λόχοι
971 2789 1038 2844 τῶν
1068 2779 1194 2845 ἱππέων

130 2904 156 2946 ιε
173 2883 228 2947 καί
252 2884 284 2948 ολ
306 2893 374 2948 τῶν
393 2885 499 2960 πεζῶν
518 2882 724 2967 ὀγδοήκοντα
746 2895 813 2950 τῶν
833 2887 870 2951 τὸ
894 2886 1050 2970 μέγιστον
1072 2890 1194 2972 τίμημα

174 2988 318 3074 ἐχόντων
336 2989 482 3056 Λεύκιον
503 2991 663 3055 Κοίντιον
687 2992 891 3057 Κικιννάτον
914 2993 1194 3059 ἀποδεικνύουσιν

173 3097 312 3180 ὕπατον,
344 3092 385 3162 οὑ
417 3097 477 3162 τὸν
509 3097 586 3162 υἱὸν
618 3101 778 3164 Καίσωνα
810 3101 971 3165 Κοίντιον
1002 3101 1050 3177 είς
1081 3101 1194 3184 ἀγῶνα
1203 3117 1274 3166 2032

173 3203 324 3270 θανάτου
347 3207 609 3290 καταστήσαντες
636 3207 669 3272 οί
694 3207 856 3292 δήμαρχοι
883 3208 944 3291 τὴν
972 3209 1071 3272 πόλιν
1093 3209 1194 3292 ἠνάγ-

246 3350 263 3398 4
282 3341 450 3412 ἀνερίπτουν
464 3345 510 3400 Ba
530 3343 715 3414 ἀνερρίπτουν
730 3346 755 3398 R
774 3343 951 3413 ἀνερρίπιζον
973 3364 996 3402 ο.
1017 3347 1139 3417 Sylburg
1157 3349 1192 3402 cf.

176 3413 263 3469 Cobet
278 3414 342 3470 ObS.
357 3433 384 3484 p.
397 3421 446 3470 191
503 3423 536 3469 12
553 3416 874 3540 Ιἰιατ<η>νῖά>λωντο
889 3417 935 3470 Bb
955 3418 990 3472 cf.
1005 3417 1113 3488 Jacoby
1128 3421 1192 3474 Aar.

176 3486 272 3554 Progr.
291 3504 318 3555 p.
335 3491 367 3540 32
441 3494 474 3541 21
494 3488 543 3542 καλ
563 3487 659 3556 ἐπειδη
678 3489 700 3540 Β
739 3487 820 3556 πειδὴ
841 3487 871 3541 δὲ
890 3489 916 3541 R
