2668 3922
565 251 599 260 -
637 224 681 274 M
719 252 752 259 -
1102 222 1168 288 255

147 347 296 435 προτέρῳ
328 347 460 436 πολέμῳ
493 346 721 432 παρεγένεσθε
752 347 808 412 καλ
840 347 914 412 ὅσοι
946 347 1002 412 ὃιά
1031 349 1169 431 νεότητα

148 455 372 540 ἀπελείφθητε
396 455 516 538 αὐτοῦ,
546 456 579 520 οῖ
601 453 663 536 μὲν
687 455 742 520 ἵνα
761 455 866 539 <την>
884 456 958 520 τότε
982 454 1102 540 ἀρετὴν
1125 455 1168 538 μη

147 563 385 648 καταισχύνητε
416 571 456 648 τῇ
489 570 555 627 νῦν
585 561 708 649 δειλία,
741 563 774 627 οῖ
805 561 836 626 δ’
859 562 915 627 ἵνα
946 561 1051 646 μηδὲν
1078 559 1170 626 ἐνθε-

148 669 275 756 έστεροι
297 669 444 754 γένησθε
466 679 534 734 τῶν
556 667 793 755 πρεσβυτέρων
816 667 854 734 ἐν
877 667 1032 746 ἐπιδείξει
1058 673 1170 736 καλῦν

147 774 265 862 ἔργων,
294 777 356 860 ίτε,
386 772 586 860 ὧγενναῖοι
609 776 725 853 παῖδες
749 775 889 860 ἀγαθῶν
912 776 1051 861 ζηλωταὶ
1073 774 1170 841 πατέ-
1202 795 1214 836 ε
1331 841 1332 870 ÷

148 908 227 969 ρων,
256 884 303 949 ίτε
331 884 586 968 ἀκαταπλήκτως
614 879 665 949 ἐπ’
684 883 807 960 αὐτοὺς
833 883 937 960 θεούς
959 906 995 948 τε
1019 883 1171 968 ἀρωγοὺς

147 988 292 1076 ἔχοντες,
317 991 352 1055 οἳ
373 988 575 1075 παρέξουσιν
598 989 680 1072 ὑμῖν
703 987 868 1074 ἐξουσίαν,
892 990 964 1067 οίας
986 988 1170 1074 ἐβούλεσθε

147 1100 236 1184 παρὰ
258 1108 326 1163 τῶν
349 1096 516 1182 ἐχθίστων
539 1095 795 1182 ἀναπράξασθαι
818 1098 926 1181 δίκας,
954 1097 1010 1163 καί
1032 1114 1171 1182 στρατη·

146 1206 209 1288 γὸν
232 1204 303 1288 ἐμέ,
327 1196 354 1292 ᾤ
377 1206 505 1289 πολλὴν
528 1204 590 1286 μὲν
610 1204 791 1288 εὐβουλίαν
809 1213 1019 1290 μαρτυρεῖτε,
1043 1205 1170 1288 πολλὴν

147 1309 178 1377 δ’
206 1312 401 1394 εὐποτμίαν·
433 1311 596 1396 μακάριον
628 1311 689 1394 μὲν
722 1309 851 1389 ἕξοντες
881 1312 942 1376 τὸν
974 1311 1038 1376 ἀπὸ
1071 1312 1170 1378 τοῦδε

147 1421 281 1503 χρόνον,
312 1409 362 1494 οἷς
390 1417 432 1482 ἀν
460 1416 634 1503 ἐγγένηται
660 1420 720 1484 τὸν
748 1417 1012 1503 ἐπιφανέστατον
1041 1427 1081 1504 τῇ
1109 1439 1170 1482 πα-

147 1525 236 1608 τρίὸι
266 1524 435 1609 στέφανον
463 1535 675 1609 καταγαγεῖν,
707 1528 813 1610 καλην
842 1525 880 1592 δὲ
911 1525 967 1591 καί
998 1524 1170 1591 ἀθάνατον

147 1631 301 1697 εὐκλείαν
336 1633 592 1710 καταλείψοντες
633 1631 708 1697 ἀντὶ
748 1643 808 1698 τοῦ
849 1641 980 1718 θνητοῦ
1021 1633 1171 1715 σώματος

57 1754 63 1766 ¹
147 1739 279 1822 νηπίοις
311 1737 405 1802 παισί
436 1738 492 1803 καὶ
524 1749 675 1825 γηραιοῖς
706 1750 875 1826 γονεῦσιν,
907 1743 940 1806 οἱ
968 1742 1092 1826 ταύτην
1119 1739 1170 1807 ἐκ-

147 1845 378 1928 πληρώσοντες
407 1845 469 1929 τὴν
498 1853 558 1911 τοῦ
589 1849 666 1930 βίον
696 1852 863 1932 τελευτήν.
909 1848 971 1914 οὐκ
1001 1842 1065 1914 οἷδ’
1091 1849 1108 1914 ὅ
1138 1872 1171 1914 τι
1189 1867 1214 1908 1⁶

1189 1284 1209 1349 ss
1331 1317 1332 1320 ,

147 1952 199 2016 δεῖ
220 1953 322 2017 πλείω
347 1952 469 2036 λέγειν·
492 1963 633 2019 κινεῖται
655 1956 719 2039 γὰρ
742 1956 806 2039 ἤδη
825 1957 862 2020 τὸ
882 1955 1054 2040 βάρβαρον
1073 1956 1170 2040 στρά-

146 2083 249 2142 τευμα
278 2069 411 2146 χωροῦν
441 2059 495 2144 ἐφ’
518 2061 611 2145 ἡμᾶς.
658 2060 729 2126 ἀλλ’
755 2063 849 2126 ἀπιτε
876 2061 932 2126 καλ
961 2064 1170 2127 καθίστασθε

147 2167 194 2244 είς
216 2164 318 2244 τάξιν.
363 2167 473 2232 Αινιάν.

217 2273 256 2336 Χ.
280 2271 354 2359 (17)
374 2271 422 2338 Ἡ
439 2274 500 2356 μὲν
524 2267 587 2338 οάν
611 2283 678 2338 τῶν
701 2274 881 2360 βαρβάρων
904 2273 989 2358 μάχη
1017 2277 1104 2340 πολὺ
1131 2276 1169 2340 τὸ

145 2380 315 2463 θηριῶδες
343 2380 399 2444 καῖ
428 2380 569 2462 μανικὸν
598 2375 720 2464 ἔχουσα
749 2383 939 2464 πλημμελής
969 2404 1018 2458 τις
1044 2377 1087 2465 ἦν
1114 2382 1170 2447 καὶ
1188 2403 1214 2443 ιο

147 2487 269 2571 σοφίας
291 2495 349 2570 της
372 2484 409 2551 ἐν
432 2482 549 2562 ὅπλοις
572 2487 718 2568 ἀμοιρος.
763 2488 838 2553 τοτέ
865 2487 926 2570 μὲν
953 2490 1017 2575 γὰρ
1040 2487 1169 2554 ἀνατεί-

146 2617 263 2670 νοντες
293 2593 362 2657 ἀνω
391 2594 450 2670 τάς
477 2595 638 2680 μαχαίρας
666 2595 726 2659 τὸν
753 2595 872 2679 ἀγριον
899 2597 1025 2680 τρόπον
1052 2593 1169 2662 ἔπαιον

147 2697 238 2778 ὅλοις
276 2702 558 2782 συνεμπίπτοντες
594 2710 664 2778 τοῖς
700 2698 829 2767 ἑαυτῶν
861 2703 1020 2788 σώμασιν,
1058 2704 1168 2787 ὥσπερ

147 2806 305 2889 ὑλοτόμοι
331 2807 419 2884 τινες
446 2807 466 2892 ἢ
496 2818 689 2892 σκαπανεῖς,
717 2809 791 2874 τοτέ
818 2806 849 2874 δ’
867 2808 904 2876 ἐκ
928 2822 995 2876 τῶν
1018 2813 1169 2894 πλαγίων
1243 2821 1249 2838 ’

1189 1375 1215 1414 10
1331 1391 1332 1396 ’

148 2913 370 2998 ἀστοχάστους
402 2915 529 2998 πληγὰς
561 2913 729 3001 ἐξέφερον,
764 2916 809 2993 ὡς
842 2917 956 2995 αὐτοῖς
988 2933 1169 3002 σκεπαστη-
1188 2938 1213 2978 ιι
1331 2893 1332 2908 ³

220 3123 304 3193 κτὴν
324 3125 389 3178 add.
409 3125 507 3180 Struve
580 3132 613 3179 11
633 3124 748 3200 χρόνον]
768 3126 830 3199 βίον
849 3145 872 3182 ο.
888 3128 960 3182 Smit
979 3128 1043 3184 Obs.
1063 3147 1090 3198 p.
1106 3134 1140 3184 60
1162 3130 1164 3201 λ

147 3193 178 3248 ἐν
200 3199 234 3266 τῇ
256 3193 372 3262 πατρίδι
393 3193 532 3265 στέφανον
557 3200 727 3269 καταλαβεῖν
751 3216 773 3254 ο.
794 3201 892 3255 Struve
916 3200 951 3254 cf.
970 3199 1072 3254 Flierle
1092 3188 1168 3255 Uber

148 3265 194 3320 die
212 3265 456 3337 Nachahmungen
478 3269 595 3340 Leipzig
614 3275 692 3336 1890,
707 3276 740 3324 33
806 3277 839 3325 14
858 3272 886 3326 ολ
903 3272 1007 3340 ταύτην
1027 3271 1167 3340 ἐκπληρώ-

147 3339 252 3408 σοντες]
282 3337 309 3392 οὶ
335 3340 422 3412 ταῦτη
451 3337 486 3394 ἀν
515 3339 741 3411 ἐκπληρώσαντες
769 3360 791 3396 ο.
816 3343 914 3396 δίαινε
994 3349 1026 3397 21
1052 3352 1111 3405 τοῖς
1136 3343 1167 3398 ἐν

148 3406 244 3472 ὅπλοις
261 3409 357 3465 Ambr.
377 3427 445 3466 corr.
465 3412 558 3467 Maius
631 3420 664 3467 22
684 3410 733 3468 τὸν
753 3413 851 3484 ἄγριον
869 3411 974 3482 τρόπον
993 3414 1078 3470 verba
1097 3430 1167 3468 sana

147 3497 204 3534 non
223 3497 283 3535 esse
303 3480 401 3537 struve
421 3487 516 3538 censet
738 3500 740 3504 ’
