2662 3920
166 215 210 280 20
596 243 629 250 -
668 215 682 264 1
718 241 751 251 ··

166 339 325 418 ὑπάτους;
353 341 388 403 τί
414 333 477 403 οὑν
504 340 541 403 τὸ
568 337 701 403 κολύου
729 334 820 404 ἔσται
842 338 880 402 τὸ
904 337 985 403 αὐτὸ
1008 345 1106 402 τοῦτο
1130 337 1185 402 καλ

165 447 244 522 τοὺς
275 447 518 531 προεστηκότας
550 453 609 510 τοῦ
642 445 749 528 δήμου
783 443 902 528 λέγειν,
940 441 999 509 ἐάν
1029 467 1118 522 τινες
1149 443 1277 526 ἐκτοιη

165 562 233 616 τῶν
251 552 438 636 δημοτικῶν
457 550 511 618 ἐπὶ
529 561 599 630 τοῖς
617 552 755 629 ὑπάτοις
776 551 832 616 καί
854 560 894 637 τῇ
918 553 1025 636 βουλῇ
1044 551 1187 636 συστάν-

165 681 218 735 τες
245 658 412 744 πράττωσι
438 659 500 743 την
527 668 587 724 τοῦ
615 659 795 744 συνεδρίου
823 657 1015 742 κατάλυσιν,
1047 658 1098 723 ὅτι
1124 660 1186 743 τὴν

134 766 241 851 ιπερὶ
268 776 335 831 τῶν
363 767 516 850 δημοτῶν
543 764 691 844 ἐξέτασιν
719 765 841 842 αὐτοὺς
867 765 998 831 δίκαιόν
1021 763 1092 830 ἐστι
1114 787 1186 830 ποι-

166 879 278 938 εῖσθαι
300 875 379 949 τοὺς
402 872 622 958 ἀνειληφότας
647 874 709 958 την
735 880 795 938 τοῦ
823 872 930 955 δήμου
959 875 1127 958 φυλακήν;
1154 875 1189 938 τί

165 973 229 1045 οὑν
261 977 297 1045 ἐκ
328 979 449 1044 τούτου
483 983 698 1064 συμβησεταις
735 980 899 1064 μηδεμίαν
930 979 1061 1044 πώποτε
1094 978 1187 1064 γενέ-

165 1094 248 1152 σθαι
288 1089 422 1171 ζήτησιν
463 1087 539 1172 περί
577 1089 725 1172 μηθενὸς
760 1087 950 1173 πράγματος
986 1085 1186 1172 ἀπορρήτου.

125 1190 237 1259 5ἀλλ’
265 1191 345 1259 οὔδ’
369 1194 463 1277 ἡμεῖς
494 1192 537 1258 ἀν
573 1189 664 1259 ταῦτ’
692 1191 901 1276 ἀξιώσαιμεν
937 1192 1086 1271 ὕποπτος
1122 1195 1186 1279 γὰρ

121 1302 184 1384 ιοη
214 1303 397 1385 φιλοτιμία·
426 1301 520 1384 ὑμεῖς
546 1297 576 1364 τ’
599 1301 660 1365 οὑκ
688 1299 730 1366 δν
758 1301 869 1386 ὀρθῶς
897 1309 1023 1366 ποιοῖτε
1049 1310 1120 1378 τοῖς
1146 1302 1187 1366 τά

165 1407 262 1490 ὅμοια
285 1407 414 1486 ἀξιοῦσι
439 1404 518 1474 καθ’
540 1408 634 1491 ὑμῶν
656 1407 875 1493 προσέχοντες
897 1410 957 1473 τὸν
979 1416 1075 1492 νοῦν,
1103 1407 1186 1474 ἀλλὰ

164 1517 299 1591 κοινοὺς
321 1515 501 1598 ἡγούμενοι
524 1525 581 1600 τῆς
604 1516 731 1592 πόλεως
753 1512 906 1600 ἐχθρούς.
948 1513 1087 1592 οὐδενὸς
1109 1515 1186 1597 μέν·

164 1644 269 1705 τοιγε,
301 1617 326 1686 ὦ
359 1624 480 1706 βουλή,
513 1631 583 1698 τοῖς
614 1621 804 1707 πράγμασιν
831 1622 875 1700 ὡς
905 1621 1025 1707 τάχους
1057 1621 1116 1687 δεῖ.
1167 1621 1185 1686 ὁ

164 1729 228 1812 γάρ
260 1729 419 1805 κίνδυνος
451 1722 543 1811 ὀξὺς,
580 1728 635 1793 καί
665 1729 686 1811 ἡ
724 1727 879 1813 μέλλησις
914 1738 972 1812 τῆς
1004 1728 1186 1815 ἀσφαλείας

120 1857 145 1896 15
165 1835 271 1920 ἀυρος
295 1833 332 1900 ίν
355 1832 395 1901 οὐ
419 1835 578 1917 μέλλουσι
600 1835 732 1913 δεινοῖς.
772 1832 849 1900 ὥστ’
867 1835 1008 1920 ἀφέντες
1030 1836 1067 1900 τὸ
1090 1840 1186 1920 φιλο-

164 1951 287 2006 νεικεῖν
310 1943 365 2007 καλ
394 1943 515 2026 λόγους
542 1939 698 2019 διεξιέναι
724 1945 871 2027 μακροὺς
893 1944 1089 2027 ψηφίσασθε
1113 1942 1130 2007 ὅ
1154 1965 1186 2005 τι

165 2047 208 2113 ἀν
231 2049 313 2134 δοκῇ
336 2059 433 2134 κοινῇ
457 2048 642 2133 συμφέρειν
663 2049 736 2132 ἤδη.

235 2154 306 2220 ΧΠ.
335 2151 433 2221 Ταῦτ’
465 2156 617 2232 εἰπόντος
654 2152 757 2221 αὑτοῦ
796 2159 903 2239 πολλή
943 2179 993 2232 τις
1034 2151 1186 2239 ἔκπληξις

164 2261 299 2347 κατέσχε
327 2265 364 2328 τὸ
392 2262 572 2347 συνέδριον
599 2262 653 2327 καὶ
687 2262 863 2347 ἀμηχανία·
897 2263 1118 2346 διελογίζουτό
1150 2285 1185 2327 τε
1195 2280 1267 2330 2013

120 2393 145 2432 εο
163 2369 218 2434 καί
252 2369 460 2434 συνελάλουν
492 2368 661 2453 ἀλληλοις,
694 2369 738 2446 ὡς
769 2371 913 2454 χαλεπὸν
945 2367 1101 2455 ἑκάτερον
1132 2367 1185 2453 ἦν,

164 2476 279 2541 καὶτὸ
303 2485 489 2561 συγχωρεῖν
512 2476 783 2561 τοῖςδημάρχοις
807 2479 953 2560 ζητήσεις
981 2473 1034 2561 ἐφ’
1057 2474 1185 2542 ἑαυτῶν

164 2588 334 2648 ποιεῖσθαι
365 2583 442 2667 περί
474 2591 590 2648 κοινοῦ
622 2585 678 2648 καί
709 2582 854 2667 μεγάλου
890 2582 1094 2667 πράγματος,
1130 2583 1186 2648 καλ

163 2692 200 2754 τὸ
228 2690 271 2774 μη
300 2699 494 2775 συγχωρεῖν.
540 2689 751 2766 ὑποπτεύσας
779 2687 809 2754 δ’
831 2686 942 2754 αὑτῶν
964 2690 1027 2773 τὴν
1049 2690 1186 2774 γνώμην

164 2795 283 2880 ἀνέστη
311 2808 393 2862 ,τῶν
433 2797 568 2862 ὑπάτων
611 2796 741 2881 ἅτερος,
785 2795 884 2873 Γάιος
920 2797 1090 2873 Κλαύδιος
1130 2798 1183 2861 καί

119 2879 252 3006 Ξὲλεξε
281 2903 406 2970 τοιάδε·
446 2901 495 2968 Οὐ
524 2903 672 2984 δέδοικα,
703 2902 893 2989 Οὐεργίνιε,
923 2907 967 2987 μη
994 2926 1034 2986 με
1061 2903 1185 2968 ὑπολά-

237 3034 250 3082 1
267 3024 318 3081 οὑν
332 3045 385 3081 om.
397 3027 421 3080 A
434 3023 466 3082 τδ
481 3030 605 3082 κολυοον
620 3044 642 3081 ο.
653 3027 777 3082 ΒεοᾶΙεε
790 3026 880 3081 Tiroc.
892 3027 953 3080 crit.
968 3044 996 3095 p.
1008 3032 1042 3080 26
1098 3031 1113 3078 '1
1128 3027 1184 3079 πώ-

164 3118 230 3152 ποτε
254 3099 361 3153 add.B
435 3103 450 3150 9
479 3097 546 3152 οὔθ’
568 3098 620 3151 ΑΒ
651 3099 654 3170 Ι
685 3097 891 3170 ἀξιώ<σο>μεν
910 3097 957 3150 Bb
981 3097 1017 3151 cf.
1037 3097 1184 3150 Baumann

165 3170 229 3224 Obs.
245 3187 333 3240 gram.
349 3171 384 3224 de
401 3187 455 3222 usu
473 3170 547 3224 mod.
568 3188 593 3237 p.
610 3175 644 3223 35
715 3175 747 3222 10
765 3169 912 3223 ποιεῖτεΒ
977 3174 1009 3221 11
1030 3166 1114 3237 ὅμοια
1132 3169 1183 3222 οὑκ

164 3243 274 3306 ἀξιοῦσι
288 3240 310 3295 Ο
325 3244 438 3309 praeter
454 3241 473 3292 Β
495 3242 498 3310 λ
520 3240 580 3294 ἀλλ’
597 3243 630 3296 οὐ
649 3242 763 3302 κοινοὺς
782 3258 804 3295 ο.
820 3240 949 3294 Hertlein
962 3239 1079 3293 Hermes
1093 3238 1119 3290 X
1131 3246 1182 3293 419

166 3319 206 3380 12·
218 3310 352 3383 μέντοιγε,
371 3311 470 3378 οὑτως,
489 3309 511 3368 ὦ
530 3328 553 3365 ο.
573 3312 715 3380 Kiessling
788 3319 822 3365 14
841 3309 966 3380 μέλλησις
979 3311 1056 3363 ABa
1074 3307 1184 3379 μέλησις

164 3383 212 3436 Bb
279 3390 312 3438 15
332 3383 362 3438 ἐν
381 3385 414 3438 οὑ
433 3382 560 3452 μέλλουσι
573 3383 619 3436 Ba
638 3383 668 3437 ἐν
687 3381 730 3444 οἷς
748 3403 774 3451 μ.
789 3383 866 3435 ABb
936 3387 970 3435 20
989 3379 1121 3448 ἑκάτερον
1140 3381 1183 3449 είη

166 3471 188 3508 ο.
208 3454 336 3510 Ηειῖλείο
354 3455 471 3510 Hermes
489 3455 515 3507 X
529 3460 581 3507 419
648 3460 681 3508 23
700 3451 731 3508 τὸ
750 3454 787 3524 μὴ
808 3453 998 3524 συγχωρεῖνΑ
1017 3449 1049 3506 τὸ
1068 3451 1104 3522 μὴ
1124 3453 1183 3506 sine

165 3543 231 3580 voce
251 3535 403 3597 συγχωρεῖν
422 3527 444 3578 Β
518 3531 552 3578 24
571 3524 667 3592 ἅτερος
685 3526 708 3581 Β
732 3523 868 3594 ἕτεροςΒ
