2668 3922
559 227 746 276 -ιΔ-
899 191 1160 311 ’,253

140 351 236 434 ὥσθ’,
272 349 372 416 ὁπότε
407 349 586 434 γυμνάζειν
622 348 834 433 έπιβάλοιντο
865 351 906 415 τά
937 350 1071 432 σώματα
1106 352 1162 416 καλ

140 459 314 523 διαπονεῖν
337 455 375 523 έν
397 466 467 534 τοῖς
488 457 617 540 ὅπλοις,
635 459 819 524 κόπτεσθαι
837 457 899 540 μὲν
917 458 1064 540 ἄσθματι
1083 473 1162 522 συν-

140 574 208 649 εχεῖ
235 565 275 630 τά
305 563 491 648 πνεύματα,
522 564 656 651 ῥεῖσθαι
679 561 709 629 δ’
735 565 849 650 ἱδρῶτι
872 569 984 650 πολλῷ
1007 565 1048 629 τά
1070 563 1162 650 μέλη,

138 676 266 736 θᾶττον
294 670 332 735 δὲ
359 669 567 756 ἀφίστασθαι
588 681 656 736 τόν
679 673 794 737 πόνων
815 670 836 755 ἢ
859 675 1073 736 κελευσθεῖεν
1095 671 1162 738 ὑπὸ

139 787 207 842 τῶν
229 777 412 861 ἡγεμόνων.
457 777 567 843 Ambr.
1194 799 1206 840 ι

210 881 314 950 VIIII.
334 881 408 971 (13)
431 889 541 949 Ταῦτα
559 885 680 967 μαθὼν
699 884 716 950 δ
735 895 803 951 τῶν
817 882 984 967 Ῥωμαίων
1000 885 1162 972 δικτάτωρ

139 990 323 1074 Κάμιλλος,
353 991 558 1076 συγκαλέσας
587 995 667 1069 τοὺς
694 990 776 1076 ἀμφ’
805 990 908 1056 αὑτὸν
935 989 1162 1079 ἐδημηγόρησε

139 1099 246 1164 πολλὰ
269 1108 492 1184 παρορμῶντα
515 1099 562 1175 είς
584 1099 721 1182 τόλμαν,
744 1096 782 1164 έν
805 1089 855 1175 οίς
877 1098 933 1164 καί
955 1099 1047 1164 τάδε·

211 1205 297 1271 ὅπλα
319 1207 492 1291 κρείττονα
512 1215 580 1270 τῶν
598 1207 813 1290 βαρβαρικῶν
829 1206 910 1290 ἡμῖν
927 1206 1161 1291 μεμηχάνηται,
1180 1207 1201 1271 2

138 1313 290 1397 θώρακες
316 1312 371 1376 καί
393 1311 500 1397 κράνη
522 1310 578 1376 καλ
600 1312 757 1395 κνημῖδες
779 1312 835 1378 καὶ
856 1313 1008 1397 κραταιοῖ
1029 1315 1162 1399 θυρεοί,
1180 1333 1206 1374 ιο

138 1417 201 1503 ὑφ’
230 1412 279 1483 ὧν
308 1418 369 1483 όλα
398 1419 439 1483 τὰ
469 1418 603 1500 σώματα
632 1414 750 1502 ἔχομεν
777 1417 815 1484 έν
843 1423 991 1505 φυλακῇ,
1020 1418 1099 1505 ξίφη
1126 1443 1162 1486 τε

139 1523 331 1609 ἀμφίστομα
352 1524 408 1589 καὶ
432 1523 507 1590 ἀντὶ
530 1526 651 1610 λόγχης
673 1524 790 1610 ὑσσός,
814 1527 966 1611 ἄφυκτον
988 1526 1097 1609 βέλος·
1121 1529 1162 1592 τά

138 1631 200 1714 μέν
230 1635 467 1716 σκεπαστήρια,
497 1623 552 1697 οία
578 1632 622 1715 μὴ
646 1631 769 1718 ῥαδίως
791 1643 863 1710 ταῖς
885 1637 1026 1718 πληγαῖς
1050 1633 1162 1717 είκειν,

138 1739 179 1802 τά
209 1734 239 1804 δ’
270 1737 470 1824 ἀμυντηρια,
499 1739 544 1816 ὡς
574 1738 630 1804 διὰ
659 1737 766 1823 πάσης
793 1739 958 1826 φέρεσθαι
985 1743 1161 1826 προβολῆς.

138 1855 206 1910 τῶν
236 1844 274 1911 δὲ
303 1844 427 1928 γυμναί
456 1845 518 1928 μὲν
545 1846 581 1911 αί
602 1847 760 1931 κεφαλαί,
782 1849 894 1930 γυμνά
917 1847 955 1913 δὲ
976 1849 1017 1912 τά
1040 1846 1162 1934 στέρνα
1180 1867 1205 1909 ιι
1331 1887 1332 1939 η

138 1952 194 2018 καὶ
212 1953 247 2018 αῖ
266 1954 415 2036 λαγόνες,
433 1952 556 2037 γυμνοί
574 1952 613 2018 δὲ
630 1953 730 2039 μηροὶ
743 1953 799 2018 καλ
812 1953 911 2040 σκέλη
926 1954 1021 2039 μέχρι
1035 1955 1160 2038 ποδῶν,

138 2056 243 2146 έρυμά
265 2083 301 2125 τε
324 2059 427 2125 οὐδὲν
450 2059 575 2146 ἕτερον,
598 2059 616 2125 ό
639 2083 672 2124 τι
694 2060 738 2143 μὴ
760 2062 894 2144 θυρεοί
919 2059 1105 2145 άμυντηρια
1123 2061 1161 2125 δὲ

138 2168 254 2250 λόγχαι
283 2167 339 2232 καὶ
366 2166 523 2252 μάχαιραι
545 2167 680 2242 κοπίδες
702 2165 909 2250 ὑπερμήκεις.
956 2163 1029 2253 (14)
1058 2168 1102 2232 Τό
1124 2167 1199 2232 τε3

137 2275 272 2358 χωρίον,
302 2271 339 2338 ἐν
367 2265 395 2359 ιβ
421 2274 481 2338 τὸν
509 2271 622 2356 άγῶνα
645 2273 869 2356 ποιησόμεθα,
892 2271 1059 2358 σύνεργον
1081 2273 1160 2356 ἡμῖν

138 2485 176 2552 δὲ
204 2484 365 2568 πολέμιον
393 2495 463 2564 τοῖς
492 2483 529 2551 ἐκ
558 2494 618 2550 τοῦ
648 2490 823 2570 χθαμαλοῦ
846 2487 930 2572 πρὸς
952 2487 992 2552 τά
1014 2486 1160 2572 μετέωρα

137 2602 259 2680 χωρεῖν
295 2591 579 2677 ἀναγκαζομένοις.
635 2594 809 2678 φοβείσθω
846 2592 884 2658 δὲ
919 2593 1034 2678 μηδείς
1065 2594 1159 2678 ὑμῶν

210 2775 225 2822 ’ῖ
249 2766 336 2840 ἀμφ’]
363 2766 416 2836 ἀφ’
439 2767 535 2824 Ambr.
609 2774 625 2823 8
650 2767 764 2838 τόλμαν,
787 2768 818 2824 ἐν
841 2765 884 2832 οίς
905 2770 955 2824 καὶ
977 2769 1052 2824 τάδε.
1086 2767 1159 2824 όπλα

137 2838 232 2895 Ambr.
252 2837 368 2910 τόλμαν·
383 2839 496 2908 ’Ἀνδρος
513 2839 549 2894 τά
566 2839 617 2910 μὲν
636 2838 709 2895 όπλα
726 2840 818 2895 Maius
892 2847 925 2896 12
950 2838 1042 2903 ὀιστός
1061 2840 1157 2895 Ambr.

137 2907 221 2972 δοιός
245 2912 401 2966 rectissime
426 2929 448 2966 ο.
470 2910 567 2966 Naber
591 2912 694 2968 Mnem.
716 2917 759 2978 30,
779 2917 844 2980 2593
870 2913 905 2966 cf.
928 2911 1014 2968 verba
1039 2911 1159 2980 Dionysi

137 2981 163 3035 V
181 2987 260 3048 46,2
334 2988 368 3036 14
394 2981 432 3037 δι’
455 2981 566 3052 ἁπάσης
590 2983 674 3054 vulgo
700 2984 808 3039 correxi
880 2989 913 3038 15
936 2992 992 3038 τῶν
1011 2982 1042 3036 δὲ
1061 2981 1157 3038 Ambr.

137 3055 249 3108 Κελτῶν
275 3054 305 3108 δὲ
332 3054 431 3108 Siruve
512 3060 545 3108 18
573 3053 710 3124 μάχαιραι
733 3053 849 3118 κοπίδες
875 3054 971 3109 Ambr.
997 3055 1158 3124 μαγειρικαλ

137 3121 252 3187 κοπίδες
275 3124 374 3179 Struve
398 3125 535 3196 μάχαιραι
558 3126 663 3182 deleviii
687 3126 837 3196 Kiossling.
875 3127 940 3181 Mea
963 3125 1077 3194 quidem
1097 3142 1158 3181 sen·

136 3195 228 3250 tentia
251 3196 324 3250 nihil
347 3198 515 3252 mutandum
539 3200 593 3266 θεῖς
620 3197 771 3266 Dionysius
793 3197 884 3252 mulia
901 3197 1073 3253 voeabulae
1113 3215 1158 3252 oe-

136 3269 231 3322 tarum
261 3284 388 3323 sermone
418 3269 578 3340 adoptavii3
607 3269 642 3324 ef.
669 3269 819 3338 Euripides
848 3268 922 3339 cycl.
948 3274 1000 3323 240
1034 3269 1037 3342 λ
1071 3215 1111 3325 τό)
1129 3289 1157 3324 τε

137 3338 234 3394 Ambr.
252 3335 284 3395 τδ
304 3339 334 3394 δὲ
354 3339 453 3395 struve
518 3347 552 3396 22
572 3338 692 3412 φοβείτω
712 3339 743 3395 δὲ
761 3341 831 3411 μηδὲ
849 3343 927 3411 ὑμῶν
945 3340 1041 3395 Ambr.
1062 3338 1158 3412 φοβεί-

138 3414 199 3465 σθω
226 3410 325 3465 Struve
349 3411 384 3467 cf.
403 3412 551 3467 Baumann
574 3411 640 3467 Obs.
660 3428 748 3482 gram.
767 3430 795 3482 p.
810 3419 844 3468 62
867 3412 964 3482 μηδείς
984 3412 1077 3467 Maius
1098 3419 1158 3474 τοῖς

138 3479 262 3538 ἀπὸτοῦ
281 3484 419 3553 μετεώρου
437 3493 582 3541 κατιοῦσιν
600 3483 696 3554 Tegge
716 3483 828 3550 Quaesi.
847 3501 874 3554 p.
891 3489 925 3539 20

137 2389 208 2456 τοῖς
237 2378 301 2444 άπὸ
331 2380 497 2464 μετεώρου
527 2386 700 2444 κατιοῦσιν
723 2376 777 2444 έπλ
799 2380 837 2444 τὸ
860 2378 998 2465 πρανές,
1021 2377 1161 2458 ἐκείνοις
1178 2401 1205 2443 ιο
