2662 3920
148 184 189 248 τε
576 183 731 233 -1-

106 309 127 374 3
147 313 287 392 στασθε,
306 317 434 390 σιωπῶ,
448 344 492 352 -
507 305 578 372 ἀλλ’
595 307 643 384 είς
660 316 759 372 τοῦτο
778 306 1051 392 προεληλύθασιν
1068 305 1170 390 ὑπερἡ

146 415 306 499 ηφανίας,
329 413 406 479 ὥστ’
424 411 505 479 οὑδὲ
528 415 647 499 φωνὴν
669 412 802 493 ἀξιοῦσί
822 436 898 478 τινα
919 413 1013 498 ημῶν
1034 411 1170 498 ἀφιέναι

147 521 222 605 περὶ
250 529 307 604 τῆς
335 522 494 607 πατρίδος
521 519 705 607 ἐλευθέραν
735 519 816 586 οὐδὲ
845 521 958 606 διᾶραι
986 521 1024 585 τὸ
1055 519 1170 603 στόμα,

148 627 231 706 ἀλλά
261 629 320 693 τὸν
349 627 411 710 μέν
439 629 575 694 εἰπόντα
602 627 680 712 περί
707 637 764 712 της
791 628 991 713 κληρουχίας
1017 628 1171 713 Σπόριον
1179 642 1254 691 2094

116 734 309 818 εΚάσσιον,
339 735 428 821 τρισί
455 735 516 817 μὲν
543 734 714 812 ὑπατείαις
741 733 998 818 κεκοσμημένον,
1026 733 1105 799 δυσῖ
1132 733 1171 798 δὲ

147 842 326 926 θριάμβοις
352 841 608 927 λαμπροτάτοις,
634 841 801 926 τοσαύτην
828 840 867 906 δὲ
894 841 1067 925 δεινότητα
1093 842 1173 926 περί

147 971 181 1013 τε
200 949 258 1025 τάς
279 950 497 1034 στρατηγικὰς
519 945 653 1034 πράξεις
675 948 731 1013 καί
753 948 831 1034 περὶ
852 949 893 1012 τά
916 949 1068 1013 πολιτικά
1090 950 1171 1030 βου-

149 1055 293 1137 λεύματα
320 1053 591 1138 ἀποδειξάμενον,
621 1051 706 1139 ὅσην
736 1055 847 1132 οὐδείς
875 1064 944 1120 τῶν
972 1056 1046 1120 τότε
1075 1077 1171 1138 γενο-

147 1160 267 1245 μένων,
295 1170 416 1228 τοῦτον
439 1163 499 1228 τὸν
522 1163 630 1248 ἀνδρα
653 1161 880 1244 αἰτιασάμενοι
901 1161 1079 1248 τυραννίδι
1101 1159 1171 1226 ἐπι-

104 1290 129 1329 ω
147 1278 271 1352 χειρεῖν
302 1269 357 1334 καῖ
388 1267 527 1348 ψευδέσι
558 1268 864 1352 καταγωνισάμενοι
894 1270 1090 1354 μαρτυρίαις
1122 1268 1166 1332 δι’

148 1375 249 1440 οὐδέν
280 1374 404 1460 ἕτερον,
435 1375 506 1440 ἀλλ’
531 1371 583 1440 ὅτι
613 1377 790 1460 φιλόπολις
818 1372 862 1459 ἦν
890 1375 947 1441 καί
976 1375 1171 1461 φιλόδημος,

107 1483 292 1560 4άισαντες
329 1482 393 1548 ἀπὸ
431 1492 490 1548 τοῦ
527 1492 678 1568 κρημνοῦ
711 1482 919 1568 διέφθειραν.
976 1486 1102 1548 Γναῖον
1133 1482 1172 1548 δέ

150 1591 313 1655 Γενύκιον
332 1591 503 1674 δημαρχων
522 1589 604 1654 ’όντα
621 1588 792 1675 ὑμέτερον,
815 1587 887 1654 ἐπεί
905 1589 942 1654 τὸ
967 1587 1048 1653 αὐτὸ
1071 1596 1170 1654 τοῦτο

148 1699 330 1780 πολίτευμα
357 1697 438 1778 μετὰ
466 1697 557 1775 <τὸ>
586 1693 658 1772 έτος
685 1695 863 1762 ἑνδέκατον
891 1695 1084 1779 ἀνενεοῦτο,
1115 1695 1172 1760 καὶ

104 1824 129 1864 ιε
148 1806 226 1880 τοὺς
244 1802 494 1880 ὑπατεύσαντας
512 1801 550 1868 ἐν
568 1813 613 1889 τῷ
632 1805 796 1889 πρότερον
813 1801 953 1890 ἐνιαυτῷ
972 1802 1172 1887 κατέστησεν

147 1909 213 1976 ὑπὸ
243 1910 340 1995 δίκην
364 1897 589 1993 ἀμελήσαντας
616 1920 684 1975 τῶν
707 1909 929 1994 ψηφισμάτων
952 1919 1009 1994 της
1036 1913 1171 1994 βουλῆς,

148 2017 169 2082 δ
194 2018 273 2104 περί
300 2029 368 2084 τῶν
396 2018 575 2102 γεωμόρων
601 2014 803 2101 ἐψηφίσατο,
830 2015 902 2082 ἐπεὶ
930 2027 1083 2102 φανερῶς
1110 2016 1172 2102 οὐχ

149 2117 216 2190 οίοί
240 2125 270 2190 τ’
293 2122 380 2210 ἦσαν
407 2124 549 2208 ἀνελεῖν,
579 2129 638 2211 μιηῖ
665 2125 829 2209 πρότερον
856 2122 962 2211 ημέρηι
991 2134 1049 2208 τῆς
1078 2124 1173 2207 δίκης

108 2231 285 2317 ὑάφανῶς
321 2232 525 2319 ἀνήρπασαν.
586 2230 754 2314 τοιγάρτοι
790 2234 895 2308 πολὺς
932 2228 1066 2296 ἐνέπεσε
1102 2239 1173 2306 τοῖς

104 2359 130 2398 ω
148 2341 228 2420 μετά
251 2349 354 2404 ταῦτα
378 2341 498 2423 φόβος,
521 2338 577 2403 ’καί
596 2337 707 2415 οὐδεὶς
726 2334 774 2402 ἐτι
792 2338 829 2402 τὸ
848 2337 1054 2420 κινδύνευμα
1072 2345 1254 2402 τοῦτοεοεσ

148 2444 271 2528 ὑπέδυ,
300 2445 383 2510 ἀλλά
408 2445 604 2529 τριακοστὸν
632 2441 704 2521 έτος
727 2453 825 2509 τοῦτο
849 2443 1037 2528 ἀνεχόμεθα
1060 2443 1170 2528 ὥσπερ

149 2550 187 2616 ἐν
210 2553 386 2634 τυραννίδι
408 2553 470 2635 τὴν
493 2550 648 2628 ἐξουσίαν
671 2550 922 2627 ἀπολωλεκότες.

220 2655 418 2723 XXXVIIII.
438 2655 501 2723 Ἐῶ
520 2653 636 2723 τᾶλλα·
660 2653 732 2722 ἀλλ’
751 2658 784 2722 ολ
806 2666 871 2722 νῦν
890 2658 1048 2742 ἀρχοντες
1065 2655 1170 2742 ὑμῶν,

150 2761 201 2830 ὅτι
219 2774 289 2842 τοῖς
307 2763 578 2848 κατισχυομένοις
595 2774 664 2828 τῶν
678 2764 865 2848 δημοτικῶν
882 2763 1000 2848 ἠξίουν
1018 2767 1171 2849 βοηθεῖν,

105 2891 130 2930 25
152 2871 211 2948 οὑς
232 2869 326 2954 ὑμεῖς
352 2871 462 2956 ἱεροὺς
484 2870 539 2936 καὶ
563 2870 709 2948 ἀσύλους
732 2869 906 2956 ἐποιήσατε
933 2881 978 2959 τῷ
1006 2873 1112 2958 νόμφ,
1139 2873 1174 2936 τί

223 3019 236 3065 1
257 3010 485 3078 παρεληλύθασιν
502 3009 537 3064 A'
550 3012 792 3080 προσεληλύθασιν
811 3011 858 3066 Ba
880 3012 1105 3080 προεληλύθασιν
1124 3010 1170 3064 Bb

150 3090 166 3136 4
186 3081 236 3150 μέν
254 3091 365 3149 πρῶτον
384 3078 501 3136 εἰπόντα
516 3082 539 3137 Ο
557 3085 671 3152 praeter
684 3083 736 3137 AB
792 3089 808 3138 6
827 3080 1021 3152 λαμπρότατον
1040 3100 1062 3137 ο.
1077 3083 1171 3137 Κίειε-

150 3154 211 3222 ling
267 3159 298 3206 12
318 3149 387 3225 ἀπὸ]
402 3153 476 3207 κατὰ
489 3153 585 3209 Naber
599 3154 701 3210 Mnem.
713 3160 755 3222 30,
766 3161 818 3209 254
840 3155 842 3224 λ
864 3153 953 3209 Γάιον
969 3155 1036 3208 edit.
1051 3153 1170 3208 Parisin.

151 3231 184 3278 14
209 3221 361 3292 πολίτευμα
385 3233 467 3280 τοῦτο
492 3225 515 3278 Β
539 3222 628 3351 χἾὸ
655 3243 707 3281 om.
731 3225 754 3282 Ο
780 3226 880 3280 addidi
900 3227 965 3279 Aar.
987 3226 1083 3296 Progr.
1106 3244 1134 3295 p.
1155 3231 1170 3280 '1

151 3300 185 3348 20
203 3296 297 3366 τοῦτο]
316 3295 378 3349 τοδὶ
398 3313 420 3351 ο.
437 3295 525 3352 Cobet
563 3296 603 3352 bs.
618 3315 646 3366 p.
659 3303 710 3352 196
772 3304 806 3352 24
825 3295 879 3368 ὅτι]
900 3294 944 3351 δτε
964 3313 986 3350 ο,
1001 3297 1144 3366 Kiessling
1166 3299 1168 3366 !

150 3365 236 3421 verba
262 3363 305 3419 δτι
326 3375 386 3428 τοῖς
411 3365 638 3438 κατισχυομένοις
665 3377 721 3422 τῶν
747 3370 904 3436 δημοτικῶν
927 3367 1026 3437 ἠξίουν
1052 3369 1171 3438 βοηθεῖν

150 3439 216 3505 post
233 3445 289 3492 τῶν
307 3439 408 3491 δεινῶν
427 3439 588 3507 transponit
607 3438 695 3493 Cobet
714 3437 779 3494 Obs.
799 3455 826 3506 p.
843 3443 894 3492 196
