2668 3922
577 237 612 244 -
648 209 695 260 ῙΓ
728 238 762 245 -
1114 212 1178 278 241

159 332 240 399 κατέ
258 356 316 415 μοι
338 333 466 418 πολλὴν
490 325 565 398 οίδα
587 332 696 419 χάριν,
723 333 779 398 καί
801 335 878 420 περί
900 346 968 400 τῶν
990 338 1180 418 μελλόντων

160 440 297 526 εύχομαι
326 441 431 524 καλὴν
460 439 516 505 καί
545 438 667 525 εὐτυχῆ
696 449 737 526 τῇ
767 442 902 527 πατρίδι
931 442 1092 526 γενέσθαι
1118 445 1180 530 την

160 545 242 632 ἐμὴν
273 547 432 612 κάθοδον.
487 547 517 612 εί
549 545 588 612 δέ
619 545 700 631 ἐνῆν
734 547 904 636 ἀνθρώπῳ
940 551 982 615 τά
1017 549 1219 632 μέλλοντα4

159 657 393 739 συμβήσεσθαι
415 654 579 740 προιδεῖν,
607 653 762 719 οὐδέποτ’
779 653 822 719 άν
845 653 990 741 εὐξάμην
1013 655 1047 734 ἐς
1068 658 1180 724 τοιαύ-

158 783 216 838 τας
244 759 415 827 ἐλθοῦσαν
441 761 543 845 τυχάς
570 761 632 844 τὴν
655 761 799 847 πατρίδα
822 762 989 847 δεηθῆναί
1013 785 1092 845 μου·
1119 791 1180 848 μυ·
1212 785 1224 826 ι
1330 759 1331 782 ³

159 867 266 954 ριάκις
293 869 326 933 δ’
344 866 386 932 άν
409 868 546 951 εἱλόμην
569 867 690 952 άζηλον
712 867 873 953 γενέσθαι
899 893 956 951 μοι
982 871 1038 936 καί
1063 872 1181 955 άτιμον

157 975 218 1039 τὸν
239 976 321 1057 μετὰ
342 982 446 1040 ταῦτα
468 976 546 1056 βίον
572 973 593 1058 ἣ
621 974 801 1061 βαρβάρων
824 975 1015 1062 ἀνθρώπων
1039 979 1181 1064 ὠμότητι
1330 1027 1331 1072 ,

157 1080 342 1166 γενομένην
365 1083 427 1166 τὴν
446 1078 571 1165 Ρύμην
594 1081 788 1166 ὑποχείριον
811 1081 940 1149 ἐπιδεῖν
964 1085 1019 1150 καί
1047 1084 1085 1151 έν
1108 1085 1217 1217 ἐμοὶ

157 1190 248 1276 μόνῳ
267 1190 326 1266 τάς
345 1190 461 1266 λοιπάς
480 1187 616 1265 ἐλπίδας
634 1199 692 1273 της
716 1187 915 1276 σωτηρίας”
897 1208 1047 1276 εγουσαν.
1084 1202 1166 1258 ταῦτ
1167 1165 1219 1258 5
1330 1255 1331 1264 ,

158 1296 262 1360 είπὼν
293 1295 349 1360 καὶ
384 1297 443 1372 τάς
479 1295 637 1377 δυνάμεις
672 1298 927 1380 παραλαβὼν”
907 1322 1003 1382 αφνω
1040 1321 1075 1364 τε
1111 1310 1180 1378 τοις
1199 1321 1225 1360 10
1329 1309 1331 1418 4

158 1405 299 1478 Κελτοῖς
322 1400 495 1487 ἐπιφανείς
519 1403 566 1478 είς
589 1403 703 1487 φυγὴν
726 1403 850 1480 αὐτοὺς
871 1403 984 1490 τρέπει
1005 1405 1061 1470 καί
1084 1404 1180 1488 ἐμπε-

160 1508 229 1572 σὼν
257 1507 475 1584 ἀσυντάκτοις
502 1531 537 1572 τε
563 1508 620 1574 καί
646 1509 901 1596 τεταραγμένοις
928 1512 1026 1626 δίκην
1055 1513 1180 1598 προβά-

158 1636 226 1679 των
248 1612 462 1699 κατέσφαξεν.
508 1615 618 1680 Λαιόν.

229 1719 300 1786 VH
325 1718 402 1808 (9)’
401 1719 466 1786 Έτι
489 1721 519 1788 δ’
537 1715 600 1788 οὖν
623 1724 916 1810 πολιορκουμένων
937 1723 1067 1792 τῶνέν
1046 1731 1179 1814 ν<τςῖι>

157 1829 358 1916 Καπιτωλίῳ
390 1831 653 1914 καταφυγόντων
685 1831 761 1908 νέος
792 1855 842 1909 τις
873 1832 938 1898 άπὸ
970 1843 1027 1918 τῆς
1062 1833 1180 1900 Οὐιεν-
1198 1855 1223 1896 ιι

157 1945 268 2000 τανύεν
290 1937 417 2014 πόλεως
439 1935 506 2001 ὑπὸ
526 1933 693 2020 Ῥωμαίων
715 1938 882 2023 πεμφθείς
906 1941 954 2016 είς
975 1943 1055 2016 τοὺς
1077 1939 1178 2027 ἐντῷ

156 2044 356 2130 Καπιτωλίῳ
379 2043 434 2108 καί
459 2044 575 2108 λαθὼν
598 2047 677 2121 τοὺς
700 2045 822 2110 αὐτόθι
843 2045 1077 2129 φυλάσσοντας
1094 2051 1180 2112 Κελ-

156 2151 235 2226 τοὺς
257 2148 388 2233 άνῆλθέ
408 2172 443 2214 τε
466 2149 522 2214 καὶ
544 2151 658 2232 είπεόν,
682 2150 744 2214 ὅσα
765 2147 848 2234 ἔδει,
871 2150 972 2215 πάλιν
989 2150 1056 2216 ὑπὸ
1075 2153 1179 2218 νύκτα
1330 2197 1331 2244 i

157 2255 338 2339 ἀπηλλάγη.
376 2256 421 2332 ὡς
439 2255 477 2320 δὲ
494 2255 599 2341 ἡμέρα
618 2255 760 2340 ἐγένετο,
778 2265 846 2320 τῶν
864 2260 1003 2324 Κελτῶν
1022 2281 1072 2336 τις
1097 2259 1179 2325 ίδὼν
1197 2261 1218 2326 2

156 2362 197 2426 τά
230 2360 305 2445 ίχνη
338 2361 426 2444 λέγει
458 2362 541 2446 πρὸς
573 2363 633 2427 τὸν
664 2361 817 2446 βασιλέα,
854 2363 872 2429 ὁ
905 2363 943 2429 δὲ
974 2365 1179 2448 συγκαλέσας
1197 2390 1223 2430 ιο
1330 2393 1331 2440 j

155 2469 235 2545 τοὺς
259 2466 515 2554 ἀνδρειοτάτους
537 2465 705 2552 ἐδήλωσεν
723 2469 837 2547 αὐτοῖς
858 2471 921 2556 την
938 2479 999 2537 τοῦ
1018 2469 1178 2556 Ῥωμαίου

156 2575 295 2640 άνοδον·
325 2571 425 2640 ἔπειτ’
448 2575 571 2652 αὐτοὺς
596 2573 691 2659 ἠξίου
719 2577 781 2660 την
804 2577 910 2662 αὐτὴν
933 2576 1048 2668 έκείνῳ
1073 2601 1179 2668 παρα-

157 2681 340 2767 σχομένους
362 2683 488 2765 τόλμαν
508 2689 689 2769 πειρᾶσθαι
708 2693 768 2768 τῆς
785 2681 839 2749 έπί
856 2685 895 2750 τὸ
914 2687 1081 2773 φρούριον
1099 2686 1178 2753 άνα-

156 2789 299 2873 βάσεως,
329 2791 454 2866 πολλάς
480 2789 746 2875 ὑπισχνούμενος
772 2801 843 2869 τοῖς
870 2791 1014 2876 άναβάσι
1043 2793 1177 2880 δωρεάς.

157 2893 435 2981 ὁμολογησάντων
467 2897 505 2962 δέ
536 2908 670 2983 συχνῶν
701 2902 901 2985 παρήγγειλε
932 2909 1002 2976 τοῖς
1033 2898 1178 2985 φύλαξιν
1196 2923 1222 2963 ιε

155 3001 299 3087 ἡσυχίαν
322 3005 427 3088 άγειν,
456 3005 511 3070 ἵνα
538 3005 719 3071 καθεύδειν
743 3005 864 3083 αὐτοὺς
891 3005 1118 3089 ὑπολαβόντες
1145 3009 1178 3074 οἱ

152 3105 303 3223 Ῥωμαῖοι
325 3110 381 3176 καί
404 3110 500 3178 αύτοί
523 3114 606 3198 πρὸς
627 3111 738 3178 ύτινον
759 3113 957 3198 τράπωνται.
999 3110 1072 3200 (10)
1087 3111 1177 3200 Ἤδη
1196 3116 1217 3181 3

229 3328 243 3376 1
268 3321 385 3414 μοι]με
411 3323 523 3394 struve,
547 3325 598 3381 sed
621 3325 657 3379 cf.
680 3323 793 3380 Lobeek
816 3324 854 3377 ad
877 3323 933 3394 Sop
933 3323 1006 3378 hoel.
1025 3325 1104 3380 Aiao.
1124 3331 1175 3380 687

156 3390 341 3520 ύδδλθθοέάάύξ
363 3395 459 3522 Am&
466 3369 786 3524 καίΞ)1ιε1μ.όέίάιιι’έΜΒΓ
814 3412 882 3451 eon
909 3395 1008 3451 Stmve
1082 3403 1115 3452 14
1141 3401 1179 3472 τῷ

210 3577 314 3624 mom.
323 3581 387 3625 Em
396 3583 436 3624 IV.
450 3589 492 3626 ιιυ.
501 3581 608 3626 neom.
981 3579 1014 3628 16
