2668 3922
170 221 236 289 εει
423 178 436 196 ’
585 225 772 274 -ιι-

168 352 249 434 μήτε
271 349 309 414 τὸ
333 353 463 432 πλῆθος
485 357 553 412 τῶν
576 348 743 428 πολεμίων
765 349 845 430 μήτε
867 348 905 412 τὸ
928 345 1086 429 μέγεθος,
1111 343 1187 430 μηδ’

169 457 217 533 είς
243 454 346 520 ταῦτά
373 477 423 531 τις
449 457 715 537 πλεονεκτήματα
738 453 848 518 αὐτῶν
872 453 961 538 δρῶν
984 451 1193 538 ἀθυμότερος

169 564 252 648 πρὸς
275 563 334 627 τὸν
357 559 471 644 ἀγῶνα
494 557 592 645 ἔστω,
621 557 692 625 ἀλλ’
715 558 931 642 ἐνθυμείσθω
959 571 1093 645 πρῶτον
1120 559 1192 643 μέν,

170 670 220 736 ὅτι
250 670 401 755 κρεῖττόν
430 666 522 734 ἐστιν
549 664 686 733 έλαττον
709 665 896 751 στράτευμα
919 665 1192 750 έπιστάμενον,δ

139 796 151 838 ι
170 777 222 842 δεῖ
244 775 411 860 πράττειν,
429 774 449 859 ή
468 776 555 840 πολὺ
579 772 719 857 ἀμαθές·
743 770 851 838 ἔπειθ’
869 774 921 838 ότι
938 783 1009 851 τοῖς
1026 773 1088 856 μὲν
1106 772 1192 857 ὑπὲρ

169 893 237 948 τῶν
266 883 362 948 ἰδίων
389 879 643 965 ἀγωνιζομένοις
669 881 690 966 ή
719 881 821 965 φύσις
844 879 927 964 αὐτή
950 879 1079 966 θάρσος
1102 879 1140 945 τέ
1159 903 1192 945 τι

169 990 253 1075 πρὸς
282 991 361 1066 τοὺς
389 988 571 1065 κινδύνους
601 989 795 1074 παρίστησι,
824 987 880 1052 καί
910 995 1040 1069 πνεῦμα
1070 985 1192 1052 ἐνθου-

169 1097 288 1173 σιῶδες
310 1096 420 1180 ὥσπερ
443 1105 514 1171 τοῖς
530 1097 754 1179 θεοφορήτως
774 1093 924 1180 παρέχει,
946 1103 1016 1170 τοῖς
1039 1091 1069 1158 δ’
1089 1093 1193 1180 ἀρπά-

170 1220 225 1269 σαι
261 1204 302 1269 τά
334 1202 492 1287 ἀλλότρια
522 1201 818 1286 προθυμουμένοις
849 1201 1078 1285 μαλακώτεραι
1109 1202 1193 1287 πρὸς

125 1283 209 1414 βοτά
237 1311 331 1376 δεινά
359 1311 437 1390 <αί>
465 1311 583 1392 τόλμαι
613 1314 751 1395 φιλοῦσι
780 1311 945 1393 γίνεσθαι.
997 1305 1070 1394 (15)
1095 1306 1193 1373 Ἀλλά

168 1420 235 1504 μήν
258 1417 331 1483 οὐδ’
349 1410 399 1494 οἷς
426 1417 633 1482 δεδίττονται
655 1419 734 1493 τοὺς
756 1417 936 1498 πολεμίους
962 1415 1018 1480 καί
1040 1415 1122 1501 πρίν
1145 1415 1193 1491 εἰς

168 1535 280 1610 χεῖρας
312 1523 428 1590 ἐλθεῖν
459 1522 721 1606 έκδειματοῦσιν,
758 1521 948 1608 ὀρρωδήτέα
978 1523 1059 1606 ήμῖν
1091 1520 1192 1605 έστιν,

169 1632 280 1716 ὥσπερ
299 1631 448 1716 ἀπείροις
466 1629 622 1712 πολέμου.
658 1631 693 1694 τί
709 1630 773 1714 γάρ
793 1628 835 1694 ἀν
854 1629 1057 1714 δυνήσονται
1078 1629 1192 1694 δεινὸν

169 1736 376 1821 ἐργάσασθαι
406 1739 485 1812 τοὺς
515 1736 615 1818 ὁμόσε
644 1743 835 1820 χωροῦντας
865 1737 900 1801 αλ
928 1739 1065 1820 βαθεῖαι
1093 1738 1193 1818 κόμαι

125 1864 151 1904 ιε
169 1845 225 1909 καί
247 1845 284 1909 τὸ
308 1842 346 1908 ἐν
368 1853 438 1920 τοῖς
461 1843 605 1926 όμμασιν
629 1843 740 1908 αὐτῶν
763 1844 884 1927 πικρὸν
905 1843 960 1908 καλ
984 1842 1001 1908 ὁ
1026 1843 1192 1928 βλοσυρὸς

169 1960 227 2035 τής
250 1951 357 2030 ὅψεως
379 1951 546 2037 χαρακτήρ
571 1951 662 2015 αἵτε
686 1950 727 2034 δή
751 1954 950 2034 πλημμελεῖς
976 1945 1074 2014 αὗται
1102 1965 1192 2035 σκιρ-

168 2061 278 2142 τήσεις
305 2057 361 2122 καί
387 2058 428 2122 τδι
456 2057 512 2122 διδ
539 2067 637 2142 κενής
664 2057 888 2139 ἀνασείσματα
909 2066 977 2121 τῶν
1000 2057 1114 2122 ὅπλων
1137 2056 1193 2121 καλ

169 2167 202 2230 οἱ
225 2165 344 2231 πολλοί
362 2174 429 2229 τῶν
447 2170 585 2248 θυρεῶν
603 2165 733 2249 κτύποι,
756 2164 812 2229 καλ
831 2165 893 2229 ὅσα
916 2165 999 2229 ἀλλα
1021 2163 1088 2228 ὑπὸ
1111 2149 1192 2248 βαρ-

169 2272 276 2357 βάρου
308 2271 364 2337 καλ
396 2272 545 2356 ἀφρονος
577 2270 767 2350 ἀλαζονείας
798 2271 880 2337 κατά
911 2294 947 2336 τε
978 2271 1110 2356 μορφάς
1136 2270 1192 2336 καὶ

125 2397 152 2439 ιο
170 2380 285 2464 φωνάς
308 2377 345 2443 έν
368 2375 518 2455 ἀπειλαῖς
540 2380 708 2459 πολεμίων
731 2385 915 2462 σπαθᾶται,
937 2379 1013 2444 τίνα
1036 2375 1192 2463 παρέχειν

170 2485 298 2570 πέφυκε
320 2495 390 2561 τοῖς
413 2484 561 2568 ἀνοήτως
588 2482 720 2549 ἐπιοῦσι
749 2483 944 2562 πλεονεξίαν
970 2484 991 2569 ή
1019 2494 1089 2561 τοῖς
1111 2486 1192 2567 μετὰ

130 2590 331 2674 ὅλογισμοῦ
361 2593 451 2676 παρὰ
480 2593 520 2656 τά
550 2592 645 2656 δεινδι
675 2589 793 2656 ἑστῶσι
824 2593 947 2676 φόβους
980 2592 1052 2678 (16)
1082 2597 1192 2658 Ταῦτα

170 2698 211 2782 δή
240 2697 491 2782 διανοηθέντες,
522 2699 595 2763 όσοι
622 2712 666 2762 τε
684 2697 779 2780 ὑμῶν
806 2696 844 2763 έν
871 2709 916 2784 τῷ
944 2700 1026 2764 κατδι
1053 2701 1192 2764 Κελτῶν

242 2916 259 2963 4
277 2906 408 2978 κρείττων
427 2907 563 2978 Ambr.(?)
637 2914 671 2962 10
690 2909 721 2963 αλ
740 2909 805 2964 εδδ.
826 2909 925 2964 Struve
998 2914 1030 2962 11
1051 2906 1192 2964 δίττονται

170 2980 266 3035 Ambr.
341 2986 372 3035 13
398 2977 626 3049 διιδυνήσονται
644 2980 740 3034 Ambr.
761 2980 795 3035 of.
815 2979 926 3048 struve,
946 2997 1001 3048 quo
1022 2983 1136 3035 auctore
1155 2977 1191 3034 δν

170 3053 313 3122 Kiessling
327 3052 443 3118 delevit;
458 3052 606 3105 Baumann
621 3051 685 3106 Obs.
697 3068 785 3122 gram.
800 3069 827 3120 p.
838 3059 868 3118 σς
884 3058 930 3116 11;
947 3056 993 3118 183
1008 3051 1052 3105 W.
1064 3052 1193 3106 Schmidt

171 3124 206 3178 de
228 3123 304 3177 Flav.
324 3123 376 3178 Ios.
400 3123 468 3177 eloe.
493 3142 521 3192 p.
540 3129 594 3177 414
620 3124 684 3177 adn.
710 3123 819 3192 Jacoby
843 3122 943 3177 Philol.
966 3128 999 3176 37
1023 3125 1115 3194 (1877)
1139 3129 1192 3176 338

171 3201 206 3248 14
233 3194 403 3264 ἐργάσεσθαι
429 3193 525 3248 Ambr.
554 3194 730 3265 ἐργάσασθαι
758 3195 901 3264 Kiessling
983 3199 1016 3248 16
1043 3194 1073 3248 αλ
1099 3194 1130 3249 δέ
1156 3193 1191 3264 δή

170 3264 266 3320 Ambr.
295 3265 330 3319 αἴ
349 3286 378 3320 τε
405 3265 439 3335 δὴ
467 3265 610 3336 Kiessling
691 3272 724 3320 19
752 3271 862 3336 μορφῆς
889 3264 985 3320 Ambr.
1066 3273 1100 3320 20
1127 3263 1192 3320 τίκα

170 3333 303 3406 παρέχειν
330 3334 438 3405 πέφυκε
465 3336 561 3391 Ambr.
635 3344 669 3392 22
692 3337 770 3404 παρὰ
792 3337 828 3390 τδι
851 3337 943 3409 δεινὰ]
969 3335 1039 3405 πρὸς
1057 3337 1093 3391 τδι
1112 3336 1192 3392 δεινὰ

172 3408 271 3462 Struve
294 3408 328 3462 es.
348 3407 443 3478 Tegge
467 3408 580 3474 (λεεωεν.
601 3408 636 3463 δε
658 3426 711 3463 usu
734 3409 767 3462 D.
782 3409 816 3462 H.
836 3425 932 3478 praep.
952 3427 979 3478 p.
996 3416 1028 3464 11
1044 3427 1084 3476 n.;
1108 3408 1192 3463 Gras-

170 3479 272 3549 berger
289 3479 365 3534 Τεεε.
384 3479 500 3549 Herbip.
519 3499 546 3550 p.
563 3484 596 3533 15
