2654 3916
144 212 209 277 328
572 211 740 263 -Κ-

215 334 266 424 (ἰ)
295 336 359 414 Τάς
386 359 421 402 τε
448 337 512 422 γάρ
541 335 656 414 οὐσίας
679 346 747 402 τῶν
768 333 1008 419 Ἀγαθοκλέους
1032 337 1164 402 οἰκείων

142 443 162 528 ή
196 446 306 529 φίλων
338 443 585 528 ἀφαιρούμενος
615 445 694 519 τοὺς
730 438 807 525 παρ’
834 440 964 508 ἐκείνου
1001 444 1164 526 λαβόντας

143 560 212 628 τοῖς
234 548 355 616 ἑαυτοῦ
380 552 491 635 φίλοις
514 547 688 635 ἐχαρίσατο
710 548 767 614 καί
788 550 847 626 τάς
864 551 1020 632 μεγίστας
1038 547 1074 615 έν
1092 559 1164 628 ταῖς

143 659 281 723 πόλεσιν
313 657 415 743 ἀρχάς
446 667 517 734 τοῖς
550 656 647 733 ἰδίοις
678 654 901 734 ὑπασπισταῖς
927 655 984 721 καί
1011 661 1164 741 λοχαγοῖς

112 785 124 825 ι
143 763 371 850 προσένειμεν,
394 763 436 828 οὐ
453 764 536 829 κατὰ
557 765 636 840 τοὺς
658 761 863 848 ἐπιχωρίους
878 761 1016 849 ἑκάστης
1038 765 1164 841 πόλεως
1173 780 1243 830 2³61

142 873 267 953 νόμους
298 866 371 936 οὐδ’
397 871 445 946 εἰς
473 870 533 935 τὸν
563 872 707 936 εἰωθότα
736 871 870 956 χρόνον,
903 867 974 935 ἀλλ’
1000 870 1045 947 ὡς
1075 870 1163 960 αὐτῷ

103 978 124 1042 2
144 979 246 1063 φίλον
267 974 318 1061 ήν.
365 977 459 1054 δίκας
481 999 517 1042 τε
539 977 595 1043 καί
618 977 878 1061 ἀμφισβητήσεις
900 977 956 1043 καί
982 978 1040 1054 τάς
1063 978 1166 1054 ἀλλος

142 1085 312 1162 πολιτικὰς
334 1085 525 1166 οἰκονομίας
548 1083 676 1161 ἁπάσας
698 1085 756 1161 τάς
774 1083 835 1166 μὲν
854 1085 954 1162 αὐτὸς
976 1080 1083 1174 διήτα,
1105 1085 1164 1161 τὰς

143 1191 181 1256 δὲ
210 1200 280 1268 τοῖς
309 1191 385 1278 περί
415 1193 476 1276 τήν
507 1191 614 1276 αὐλήν
643 1190 865 1276 ἀναστρέφειν
894 1192 949 1258 καί
979 1190 1164 1278 διακρίνειν

99 1320 124 1359 ω
143 1297 304 1365 ἀπεδίδου
328 1298 522 1384 ἀνθρώποις
545 1297 651 1364 οὐθὲν
675 1297 789 1384 ἕτερον
812 1297 937 1384 δρῶσιν
955 1296 1004 1384 [ή]
1024 1298 1042 1364 ὅ
1065 1320 1098 1363 τι
1119 1298 1163 1383 μή

142 1406 331 1491 κερδαίνειν
361 1406 416 1471 καί
445 1406 706 1490 καθηδυπαθεῖν
736 1407 794 1484 τάς
824 1405 993 1491 εὐπορίας·
1023 1404 1079 1470 καί
1109 1405 1165 1472 διὰ

142 1521 246 1578 ταῦτα
273 1512 381 1578 πάντα
408 1516 514 1600 βαρὺς
540 1522 613 1590 ταῖς
634 1510 894 1595 ὑποδεξαμέναις
917 1514 1033 1578 πόλεσι
1056 1512 1163 1592 <καί>

102 1619 123 1683 3
142 1620 278 1703 μισητὸς
304 1615 356 1703 ήν.
404 1617 454 1705 (8)
478 1621 680 1703 αἰσθόμενος
707 1619 740 1684 δ’
756 1619 911 1697 ὑπούλως
932 1619 997 1704 ήδη
1020 1622 1165 1696 πολλοὺς

142 1727 226 1811 πρὸς
249 1724 370 1791 ἑαυτὸν
388 1722 524 1810 ἔχοντας
547 1726 595 1802 εἰς
616 1749 651 1790 τε
674 1727 732 1803 τάς
752 1728 865 1804 πόλεις
884 1727 1036 1812 φρουράς
1054 1728 1165 1812 εἰσῆγε
1221 1731 1223 1736 ’
1315 1735 1321 1762 ⁴

99 1853 123 1894 ιι
143 1834 315 1918 πρόφασιν
342 1832 542 1915 ποιούμενος
568 1833 629 1897 τὸν
656 1829 721 1897 ἀπὸ
749 1833 992 1918 Καρχηδονίων
1019 1835 1165 1916 πόλεμον

142 1941 198 2006 καί
229 1943 308 2018 τοὺς
340 1938 624 2025 ἐπιφανεστάτους
655 1938 780 2024 ἀνδρας
812 1937 845 2016 έξ
875 1937 1013 2024 έκάστης
1039 1942 1165 2018 πόλεως

144 2047 387 2130 συλλαμβάνων
426 2045 628 2130 ἀπέκτεινεν,
669 2043 848 2128 ἐπιβουλάς
887 2046 944 2111 καί
984 2047 1166 2132 προδοσίας

144 2153 319 2239 εὑρηκέναι
341 2154 560 2236 ψευσάμενος·
586 2151 623 2218 έν
647 2143 698 2230 οἷς
719 2149 763 2237 ήν
785 2153 841 2218 καί
861 2155 994 2219 Θοίνων
1017 2151 1036 2219 δ
1060 2154 1165 2240 φρού-

145 2284 280 2346 ραρχος,
308 2259 345 2340 ὃς
374 2259 440 2326 ὑπὸ
459 2260 594 2325 πάντων
617 2260 808 2344 ὡμολόγητο
831 2263 990 2356 πλείφτην
1013 2261 1166 2346 σπονδήν

99 2388 125 2426 ω
143 2367 199 2432 καί
231 2369 426 2453 προθυμίαν
458 2367 506 2444 εἰς
537 2390 572 2432 τε
604 2368 666 2451 τήν
698 2365 855 2450 διάβασιν
887 2367 976 2454 αὐτῷ
1013 2368 1068 2434 καί
1104 2369 1166 2453 τήν

144 2475 336 2560 παράληψιν
358 2484 415 2559 τῆς
442 2477 548 2558 νήσου
577 2479 819 2559 παρεσχῆσθαι·
847 2475 903 2540 καί
929 2477 994 2561 γάρ
1021 2474 1167 2561 ὑπήντη-

145 2597 204 2645 σεν
236 2580 325 2667 αὐτῷ
357 2583 516 2648 ναυτικὸν
549 2582 670 2646 στόλον
703 2581 805 2665 ἄγων,
840 2581 897 2646 καί
932 2584 995 2667 τήν
1026 2580 1064 2648 έν
1093 2589 1166 2657 ταῖς

103 2686 126 2751 4
145 2688 380 2774 Συρακούσαις
402 2699 518 2772 νήσου,
540 2689 584 2772 ήν
603 2687 703 2765 αὐτὸς
726 2685 864 2772 ἐκράτει,
887 2688 1059 2773 παρέσχεν.
1096 2684 1246 2753 ἐπι-2361

144 2798 299 2881 χωρήσας
326 2794 364 2860 δὲ
385 2794 441 2860 καί
464 2796 702 2879 Σωσίστρατον
725 2797 907 2878 συλλαβεῖν
929 2795 1085 2878 διήμαρτε
1108 2803 1166 2878 της

100 2920 126 2961 ω
146 2899 280 2980 έλπίδος
302 2899 573 2989 προαισθομένου
598 2902 659 2985 τήν
678 2899 860 2986 ἐπιβουλήν
882 2909 942 2966 τοῦ
966 2899 1088 2984 ἀνδρὸς
1110 2901 1166 2966 καί

146 3011 314 3093 φυγόντος
342 3007 378 3074 ἐκ
404 3019 462 3094 τῆς
489 3010 623 3086 πόλεως.
670 3006 863 3093 ἀρξαμένων
885 3007 924 3072 δὲ
945 3006 1166 3091 ταράττεσθαι

218 3260 252 3309 10
271 3253 373 3323 δρῶσιν
394 3253 407 3274 “
429 3252 471 3308 δτι
490 3253 591 3309 Turon.
611 3253 629 3324 ἢ
648 3253 751 3309 Reisko
770 3253 874 3308 delevit
943 3258 974 3306 11
995 3255 1166 3322 καθηδυπα-

145 3327 222 3398 θεῖν]
239 3326 274 3381 cf.
284 3325 373 3381 Krobs
389 3275 443 3380 ἀντ
456 3326 535 3382 Ριεοῖι,
547 3326 573 3380 d.
584 3325 671 3380 Casus
685 3325 826 3380 Mfinchen
841 3328 909 3378 1890
924 3323 1007 3378 11114
1064 3330 1097 3379 12
1116 3323 1165 3378 καλ

146 3397 211 3452 εδδ.
226 3397 329 3452 Reiske
384 3403 417 3450 18
437 3393 472 3466 ἦν
491 3397 556 3452 εδδ.
571 3397 764 3452 Ρεὶεεεοὶαοωτ
779 3396 903 3467 (Tmou.)
918 3395 952 3451 ef.
968 3395 1166 3452 Mendelssohn

146 3468 245 3523 Rhein.
264 3468 335 3522 Mus.
356 3473 398 3536 38,
414 3473 465 3521 128
499 3469 503 3542 Ι
540 3470 682 3540 φίλαρχος
706 3469 808 3523 Tmou.
834 3468 1014 3539 φρούραρχος
1037 3465 1166 3524 Valesius
