2662 3920
171 195 215 262 46
601 226 634 234 -
672 199 686 250 Ι
722 226 756 235 -

175 323 333 387 Κοίντιον
363 321 608 407 ἀναδεχόμενον
638 321 742 387 αὐτοῦ
769 323 832 408 τὴν
858 324 1056 408 παρουσίαν,
1079 324 1198 406 λαβὼν

171 429 227 494 καί
249 429 311 513 την
334 430 399 493 σὺν
422 427 537 518 ἐκείνω
560 429 706 511 δύναμιν
727 425 808 512 ἧκεν
831 428 885 496 ἐπί
907 432 985 508 τοὺς
1004 432 1195 512 πολεμίους.

132 535 216 610 4ὡς
245 535 283 600 δέ
309 535 518 602 κατύπτευσε
545 537 607 621 την
631 547 699 602 τῶν
722 539 853 621 χωρίων
876 537 992 622 φύσιν,
1016 535 1053 603 ἐν
1076 528 1126 614 οἰς
1147 534 1196 622 ἦν

172 643 212 706 τά
241 642 462 727 στρατόπεδα,
492 642 591 728 μέρος
620 642 682 726 μέν
711 665 743 708 τι
771 649 830 728 τῆς
859 653 1013 729 στρατιᾶς
1041 642 1095 709 ἐπί
1122 654 1195 722 τοῖς

141 748 346 833 εμετεάροις
376 745 499 834 ἔταξεν,
529 751 573 827 ὡς
602 753 681 833 μήτε
711 753 853 834 βοήθεια
880 750 1099 837 παραγένοιτο
1122 762 1196 829 τοῖς

171 856 332 933 Αἰκανοῖς
362 853 458 941 ἑτέρα
486 859 566 941 μήτε
593 859 731 942 τροφαί,
758 858 821 941 την
843 857 882 922 δέ
905 859 1025 943 λοιπὴν
1047 858 1195 940 δύναμιν

172 962 271 1040 αὐτὸς
295 959 380 1048 ἐχων
403 969 551 1049 προῆγεν
574 961 813 1048 ἐκτεταγμένην
836 964 880 1042 ὡς
903 965 950 1042 εἰς
973 963 1089 1050 μάχην.
1136 964 1194 1030 καί

172 1067 190 1134 ὁ
205 1071 343 1146 Κοίλιος
361 1069 467 1136 ούθέν
485 1070 665 1148 ὑποδείσας
684 1071 763 1155 -ἥ
781 1095 817 1137 τε
834 1072 899 1156 γὰρ
919 1071 1059 1152 δύναμις
1076 1071 1097 1155 ἡ
1116 1072 1194 1156 περί

173 1175 277 1241 αύτὸν
298 1172 341 1260 ἦν
364 1177 426 1242 ούκ
449 1177 560 1262 ὀλίγη,
583 1178 639 1242 καί
660 1177 760 1254 αὐτὸς
778 1176 886 1244 ἐδόκει
903 1179 1016 1262 ψυχὴν
1034 1177 1074 1243 ού
1093 1179 1194 1255 κακὸς

128 1305 154 1345 ιο
172 1275 258 1348 εἰναι
277 1285 401 1363 <κατά>
420 1286 461 1350 τά
479 1284 619 1366 πολέμια
638 1321 681 1331 --
700 1283 828 1367 δέχεται
847 1284 950 1350 αὐτὸν
968 1283 1118 1368 ἐπιόντα,
1137 1286 1193 1350 καί

132 1390 153 1455 5
171 1391 299 1474 γίνεται
316 1390 402 1475 μάχη
421 1391 571 1477 καρτερά.
597 1393 721 1477 χρόνου
736 1392 775 1456 δὲ
787 1396 914 1457 πολλοῦ
929 1391 1124 1469 διελθόντος
1136 1393 1193 1458 καί

171 1508 238 1563 των
251 1496 418 1579 Ῥωμαίων
436 1498 493 1563 διά
510 1501 589 1576 τούς
607 1508 758 1584 συνεχεῖς
773 1497 938 1580 πολέμους
952 1495 1192 1584 ἀναφερόντων

171 1605 231 1670 τὸν
258 1605 364 1669 πόνον
391 1615 459 1670 τῶν
488 1628 524 1670 τε
554 1605 680 1671 ἱππέων
703 1606 785 1671 κατά
807 1606 844 1670 τὸ
868 1604 996 1688 κάμνον
1018 1605 1117 1692 μέρος
1139 1605 1192 1673 άεί

172 1709 448 1795 ἐπιβοηθούντων
470 1721 540 1789 τοῖς
562 1715 670 1792 πεζοῖς
696 1711 896 1796 ἡσσηθείςὸ
921 1712 1070 1797 Γράγχος
1095 1737 1192 1778 κατα-

128 1837 153 1879 ιι
171 1820 313 1883 κλείεται
336 1817 436 1883 πάλιν
460 1819 507 1895 εἰς
529 1820 589 1884 τὸν
612 1817 732 1884 ἑαυτοῦ
752 1817 885 1904 χάρακα.
922 1820 978 1884 καί
995 1822 1076 1902 μετὰ
1093 1817 1188 1887 τοῦθ’

173 1924 190 1990 ό
216 1927 374 2002 Κοίντιος
405 1926 671 2011 περιταφρεύσας
703 1925 807 1991 αὐτὸν
838 1925 955 2012 ὑψηλῷ
986 1927 1105 2013 χάρακι
1136 1927 1192 1994 καί

172 2033 312 2117 πύργοις
335 2043 475 2110 πυκνοῖς
498 2034 697 2120 περιλαβών,
721 2031 792 2098 ἐπεί
815 2033 983 2115 κάμνοντα
1002 2030 1106 2116 ἔμαθε
1123 2046 1192 2101 τῶν

172 2138 362 2224 ἀναγκαίων
393 2148 434 2226 τῇ
467 2139 601 2224 σπάνει,
634 2137 735 2217 αὐτός
766 2163 801 2205 τε
831 2141 1020 2226 προσβολάς
1049 2139 1191 2208 ἐποιεῖτο
1202 2161 1275 2210 2054

172 2257 322 2332 συνεχεῖς
342 2248 425 2331 πρὸς
442 2247 503 2312 τὸν
520 2246 647 2331 χάρακα
665 2257 733 2312 τῶν
750 2249 910 2312 Αἰκανῶν
933 2248 989 2312 καί
1007 2259 1052 2334 τῷ
1071 2253 1192 2333 Μηνυ-

128 2329 232 2457 ῌκίςο
255 2352 456 2438 προσέταξεν
479 2353 544 2419 ἀπὸ
567 2365 635 2419 τῶν
658 2353 781 2440 ἐτέρων
804 2353 924 2433 ἐξιέναι
947 2366 1065 2440 μερῶν.
1108 2356 1192 2421 ὥστε

171 2460 433 2544 ἠναγκάσθησαν
460 2463 493 2526 οἰ
515 2461 659 2528 Αἰκανοί
681 2468 809 2547 τροφῆς
832 2484 867 2527 τε
890 2461 1115 2546 ἀπορούμενοι
1136 2463 1192 2528 καί

173 2566 353 2651 συμμάχων
388 2570 552 2652 βοήθειαν
589 2567 815 2650 ἀπεγνωκότες
849 2569 1128 2654 πολιορκούμενοί
1156 2592 1192 2635 τε

172 2670 384 2759 πολλαχόθεν
426 2674 589 2758 ἱκετηρίας
627 2672 851 2757 ἀναλαβόντες
892 2675 1192 2761 ἐπιπρεσβεύεσθαι

172 2782 255 2866 πρὸς
281 2782 342 2845 τὸν
365 2782 526 2846 Κοίντιον
553 2781 630 2866 περί
658 2783 771 2865 φιλίας
799 2780 1066 2868 [διαλεγόμενοι].
1113 2783 1131 2848 ὁ
1154 2783 1192 2848 δέ

128 2907 154 2948 ιι
172 2898 241 2964 τοῖς
263 2887 325 2969 μὲν
348 2889 460 2964 ἀλλοις
480 2889 642 2964 Αἰκανοῖς
665 2884 729 2972 ἔφη
753 2889 958 2956 σπένδεσθαι
980 2891 1036 2956 καί
1059 2887 1192 2956 διδόναι

245 3016 259 3062 1
279 3010 372 3080 λαβὼν
387 3007 409 3063 Ο
429 3010 600 3080 παραλαβὼν
615 3027 637 3064 ο.
649 3010 752 3066 Reiske
815 3018 831 3066 2
849 3007 917 3079 ἡκεν
932 3012 954 3067 Ο
973 3008 1040 3082 ἦγεν
1054 3030 1076 3066 ο.
1088 3012 1191 3066 Reiske

173 3086 189 3134 8
216 3080 348 3150 δυνάμεις
368 3081 414 3135 Ba,
487 3086 520 3135 10
546 3080 598 3135 *τὰ
626 3079 743 3150 πολέμια
768 3081 812 3137 vel
838 3083 987 3137 delendum
1014 3085 1058 3138 vel
1083 3084 1131 3137 καλ
1156 3082 1191 3137 τὰ

172 3149 290 3221 πολέμια
322 3150 415 3215 δεινὸς
447 3152 625 3206 scribendum
654 3170 714 3208 esso
742 3169 764 3209 ο.
789 3155 944 3225 Κίεεείἱος,
975 3172 1027 3225 ego
1057 3155 1130 3210 κατὰ
1156 3154 1192 3208 τὰ

172 3221 289 3292 πολέμια
317 3224 347 3277 in
374 3225 483 3279 textum
511 3225 605 3293 recepi
679 3230 712 3278 15
742 3224 827 3281 πάλιν
859 3243 912 3280 om.
943 3226 965 3281 Ο
993 3230 1106 3294 praeter
1133 3226 1155 3279 B
1185 3226 1188 3298 ἰ

173 3293 285 3365 ἑαυτοῦ]
315 3295 401 3350 αὑτοῦ
426 3295 449 3348 Β
485 3296 487 3366 ἰ
521 3304 603 3349 τοῦτο
631 3294 762 3358 Κοίντιος
788 3297 810 3351 Ο
838 3307 919 3352 τοῦτο
946 3295 961 3352 δ
987 3303 1020 3352 K.
1050 3298 1172 3352 Kieflslin

173 3363 273 3420 *τοῦθ’
292 3363 306 3419 ὁ
322 3371 354 3420 Κ.
371 3383 423 3436 ego
474 3372 508 3420 20
527 3364 667 3432 ἐξιέναιΟ
688 3365 797 3422 ἐπιέναι
811 3367 953 3438 Kiessling
1001 3374 1034 3421 21
1055 3367 1081 3421 ολ
1101 3315 1192 3422 0ωά

174 3442 207 3490 23
226 3434 440 3506 πολλαχόθενΟ
459 3435 642 3507 πανταχόθεν
661 3455 682 3492 ο.
699 3438 842 3508 Kiessling
906 3445 939 3492 24
959 3437 1149 3508 διαλεγόμενοι
1169 3439 1191 3494 Ο

175 3507 227 3562 del.
248 3507 350 3562 (ἀστεῖον
368 3507 432 3563 Obs.
452 3525 479 3576 p.
495 3515 529 3562 56
549 3505 739 3578 διαλεξόμενοι
757 3526 780 3564 ο.
796 3507 918 3578 Sylburg
