2662 3920
575 229 732 278 -1-
1118 230 1159 294 21

141 357 248 436 βωσιν
277 349 371 420 οὑτοι
400 354 565 418 κοινωνὸν
592 345 678 418 εἶναι
705 363 763 437 τῆς
791 353 1016 437 συνωμοσίας,
1038 353 1081 438 ἣν
1104 351 1157 439 ἐφ’

140 461 222 542 ὑμῖν
251 461 306 526 καί
336 471 382 548 τῷ
412 460 504 547 ὑημφ
531 459 737 546 πράττεσθαι
764 458 890 544 λέγετε,
917 458 937 544 ἢ
966 461 1049 539 <τά>
1076 459 1162 544 ὑπὲρ

141 566 285 650 ἐμαυτοῦ
309 568 442 634 δεδιότα
464 566 484 651 ἣ
508 577 576 632 τῶν
599 564 688 647 ἐμῶν
705 589 797 643 τινος
814 564 934 651 ἐνόχου
953 576 1024 644 ταῖς
1043 567 1163 644 αἰτίαις

139 676 238 752 όυτος
265 675 442 741 ἀνεστάναι
468 673 628 740 τάναντία
655 673 736 756 ὑμῖν
763 672 917 759 ἐροῦντα·
950 672 968 738 ὑ
998 674 1062 758 γάρ
1089 676 1163 756 βίος

140 782 280 848 ἀπολύει
302 805 341 866 με
365 783 471 866 πάσης
493 780 640 861 ὑποψίας
661 781 824 866 τοιαύτης.
870 779 891 844 ἀ
914 779 953 846 δέ
974 783 1095 864 νομίζω
1121 790 1161 866 τῇ
1194 801 1205 842 ε

139 913 175 954 τε
198 893 304 976 βουλῇ
328 889 383 955 καί
405 899 451 975 τῷ
475 888 567 975 ὑημφ
591 887 785 972 συμφέρειν,
813 887 960 953 ἀπὸτοῦ
984 890 1162 973 κρατίστου

139 997 196 1062 καὶ
227 997 304 1082 δίχα
333 995 440 1080 πάσης
467 991 640 1077 εὐλαβείας
668 992 741 1080 ἐρῶ.
791 1000 934 1079 πολλοῦ,
966 999 1092 1076 μᾶλλον
1124 995 1200 1060 ἀέ3

139 1112 200 1168 τοῦ
223 1104 347 1180 παντὸς
369 1102 570 1188 ἁμαρτάνειν
593 1103 685 1167 δοκεῖ
709 1126 765 1185 μοι
791 1099 1002 1187 Οὑεργίνιος,
1030 1101 1062 1166 ελ
1086 1125 1162 1168 τινα

139 1211 325 1296 ὑπείληφεν
355 1212 450 1295 ἡμῶν
483 1208 582 1296 ἐρεῖν,
618 1209 639 1293 ἢ
675 1209 719 1286 ὡς
751 1207 967 1287 ἀνεξέταστον
999 1208 1162 1294 ἀφεῖσθαι

55 1334 129 1383 2014
139 1318 193 1383 ἀεῖ
218 1327 353 1404 πρᾶγμα
381 1317 486 1394 οὑτως
514 1317 554 1382 ὃν
581 1316 664 1400 μέγα
691 1316 747 1382 καί
774 1315 968 1401 ἀναγκαῖον,
998 1315 1017 1402 ἢ
1046 1316 1090 1393 ὡς
1119 1313 1160 1382 ού
1179 1339 1206 1378 ιο

139 1425 192 1489 ὑεῖ
227 1434 403 1491 κοινωνεῖν
439 1420 520 1489 ούὺὲ
556 1433 710 1509 παρεῖναι
745 1431 786 1508 τῇ
823 1425 953 1507 ζητήσει
987 1424 1066 1500 τοὺς
1103 1423 1161 1488 ἀν-

140 1534 317 1616 ειληφότας
339 1532 401 1614 τὴν
423 1538 484 1596 τοῦ
507 1531 614 1614 ἀημου
639 1530 752 1616 ἀρχήν.
794 1527 910 1608 οὐθείς
933 1531 1010 1596 οὔτε
1027 1530 1161 1614 ἠλίθιός

139 1637 231 1727 ἐστιν
263 1637 368 1716 οὑτως
400 1638 477 1703 ούτε
512 1649 558 1724 τφ
595 1638 687 1724 ἀημφ
723 1639 902 1721 κακόνους,
938 1637 1021 1703 ὥστε
1057 1646 1160 1704 ταῦτα
1320 1719 1321 1728 ,

139 1744 257 1829 λέγειν.
303 1747 338 1811 τί
358 1738 431 1828 οὑν,
455 1743 487 1809 εί
506 1767 556 1822 τις
580 1741 688 1830 έροιτό
711 1767 763 1829 με,
791 1745 922 1828 παθών,
951 1742 971 1808 ἀ
1000 1746 1200 1830 συγχωρῶ4

138 1854 197 1917 καί
213 1875 298 1938 φημι
318 1852 429 1919 δίκαια
453 1845 549 1935 εἶναι,
572 1852 703 1928 τούτοις
726 1849 906 1928 ἀντιλέξων
929 1850 1081 1936 ἀνέστην,
1104 1852 1158 1917 καί
1179 1873 1203 1913 ιτ

137 1962 173 2025 τί
199 1961 359 2042 βούλεταί
385 1983 450 2043 μου
481 1958 499 2024 ὁ
530 1962 643 2044 λόγος,
673 1957 737 2041 ἐγὼ
765 1959 806 2042 νη
834 1959 903 2022 Δία
931 1958 1048 2043 φράσω
1077 1960 1160 2044 πρὸς

137 2067 230 2149 ὑμᾶς.
276 2068 401 2145 παντὸς
428 2068 539 2150 οἴομαι
567 2067 640 2130 θεῖν
667 2065 871 2151 πράγματος,
900 2060 925 2130 ἀ
953 2067 1074 2148 βουλή,
1101 2066 1159 2142 τάς

138 2172 240 2258 ἀρχάς
262 2173 318 2238 καί
340 2175 398 2252 τὰς
421 2175 553 2260 πρώτας
574 2172 754 2248 ὑποθέσεις
776 2175 855 2248 τοὺς
881 2165 918 2236 εὑ
948 2179 1159 2257 φρονοῦντας

138 2279 282 2365 ἀκριβῶς
310 2290 458 2346 σκοπεῖν·
490 2271 557 2346 οἷαι
584 2281 648 2364 γάρ
676 2278 719 2343 ἀν
749 2273 846 2342 αὗται
874 2279 1020 2362 τύχωσιν
1050 2271 1158 2362 οὑσαι,

137 2387 310 2462 τοιούτους
337 2383 464 2470 ἀνάγκη
492 2381 649 2470 γίνεσθαι
675 2385 730 2450 καί
757 2387 836 2461 τοὺς
863 2384 939 2470 περί
967 2384 1076 2450 αὑτῶν
1104 2387 1158 2452 λό-
1176 2407 1202 2446 ιο

137 2517 225 2576 γους.
273 2492 354 2578 φέρε
378 2493 434 2577 θη,
460 2495 509 2570 τίς
531 2493 551 2576 η
575 2492 675 2556 τοῦδε
699 2501 759 2558 τοῦ
782 2491 972 2576 πράγματος
994 2491 1157 2570 ὑπόθεσίς
1176 2493 1196 2556 5

137 2598 207 2665 ἐστι
228 2600 284 2665 καί
306 2601 342 2665 τί
361 2601 399 2665 τὸ
420 2599 590 2682 βούλευμα
607 2611 675 2666 τῶν
694 2599 882 2684 δημάρχων,
902 2596 1067 2666 ἀκούσατέ
1083 2623 1156 2682 μου.

137 2703 199 2772 ούκ
222 2705 303 2792 ἐνῆν
322 2706 453 2783 τούτοις
471 2705 582 2790 ούόέν,
605 2701 653 2772 ὧν
672 2705 710 2772 ἐν
727 2717 773 2793 τῷ
792 2709 998 2792 παρελθόντι
1015 2705 1156 2793 ἐνιαυτῷ

136 2813 293 2898 πράττειν
322 2812 576 2897 ἐπιβαλλόμενοι
608 2814 872 2897 ὑιεκωλύθησαν,
904 2812 1157 2880 ἐπιτελέσασθαι

137 2929 201 2986 νῦν
228 2920 323 3004 ὑμῶν
349 2944 385 2986 τε
411 2919 676 3004 ἐναντιουμένων
706 2917 819 2998 αὑτοῖς
847 2921 890 2998 ὡς
914 2922 1078 3006 πρότερον
1100 2921 1156 2986 καὶ
1174 2941 1200 2980 ιε

209 3094 358 3190 2λέγετ<ε
377 3095 464 3222 ἢ)
435 3118 471 3152 τα
489 3097 535 3151 Bb
559 3095 772 3168 λό’γετεήτοιο.
793 3095 881 3151 Cobet
899 3096 964 3150 obs.
984 3097 1155 3165 μ.188*τά

138 3167 228 3223 delevi
300 3174 316 3222 3
342 3169 379 3231 ὡς
405 3166 505 3240 ἐνόγου
528 3169 550 3223 Ο
576 3171 689 3238 praete-r
711 3168 734 3221 B
806 3174 824 3222 4
848 3166 934 3230 οὑτως
957 3167 1109 3222 ἀνεστάναι
1130 3171 1154 3222 Α

137 3239 217 3302 ὄντος
242 3239 394 3294 ἀνεστάναι
420 3241 443 3294 Β
526 3246 560 3295 10
586 3239 672 3302 οὑτως
698 3237 731 3294 ἀν
756 3237 826 3310 μέγα
852 3240 877 3292 A
909 3240 1009 3294 οὑτωσὶ
1035 3237 1105 3308 μέγα
1133 3241 1153 3292 Β

138 3317 171 3364 14
194 3311 220 3365 εἰ
242 3328 296 3366 om.
317 3311 341 3364 Β
373 3311 375 3383 λ
403 3311 490 3366 verba
515 3311 545 3365 εί
564 3331 606 3374 τις
631 3308 722 3380 ἔροιτό
745 3331 778 3380 με
801 3311 933 3364 desunt
925 3329 955 3364 m
978 3311 1045 3364 edit.
1065 3311 1153 3366 Paris.

138 3387 170 3436 18
189 3401 210 3436 τι
211 3383 301 3450 ρώτας
318 3400 372 3437 om.
392 3384 417 3436 A
490 3389 523 3436 22
542 3380 574 3438 τὸ
595 3399 649 3437 om.
646 3333 691 3436 ρΒ
720 3382 723 3454 λ
751 3381 918 3453 βούλημαΟ
942 3398 1011 3436 corr.
1031 3381 1154 3452 Sylburg

138 3458 171 3506 24
189 3451 385 3546 ἐπιβαλόμενοι
403 3471 425 3509 ο
444 3453 548 3508 Reiske
612 3461 645 3508 25
664 3461 717 3508 νυν
736 3455 787 3507 aut
805 3453 954 3507 delendum
974 3455 1025 3507 aut
1042 3457 1153 3506 mutan-

137 3523 230 3577 dum
222 3543 252 3578 ιω
270 3524 343 3580 κατὰ
361 3534 430 3580 νουν
450 3542 510 3580 esse
529 3542 552 3579 ο
571 3524 674 3580 Reiske
693 3532 745 3580 νῦν
763 3544 792 3578 τε
811 3526 888 3594 ὑμῶν
907 3541 929 3578 ο.
949 3523 1092 3593 Kiessling
