2662 3920
575 219 730 269 -Ῑ-
1117 216 1157 282 17

141 336 196 410 οἷα
227 345 315 421 είκὸς
347 341 401 410 ἐπί
433 343 557 420 δεινοῖς
589 341 789 426 ἀκούσμασι,
824 341 880 406 καλ
916 337 960 406 δι’
988 341 1160 424 εὐλαβείας

141 449 286 537 ἔχοντες,
326 451 370 535 μη
412 450 574 535 ταχύτερα
614 447 762 530 δόξωμεν
797 447 879 530 ύμῖν
914 451 1161 531 βεβουλεῦσθαι

140 563 267 642 μᾶλλον
298 557 318 642 ἦ
356 557 596 644 φρονιμώτερα.
652 556 692 621 ού
728 557 795 641 μην
827 555 986 642 ὀλιγωρία
1019 553 1051 640 γ’
1077 555 1200 622 αύτά2

141 666 346 750 παραδόντες
372 664 556 750 ἀφήκαμεν,
583 659 655 728 ἀλλ’
678 663 739 748 όση
763 663 904 744 δύναμις
925 664 1005 747 ἡμῖν
1026 660 1070 747 ἧν
1093 662 1162 729 ἐπι-

141 777 222 857 μελῆ
256 775 389 856 ζήτησιν
422 769 626 853 ἐποιούμεθα
658 780 716 854 τῆς
748 768 914 854 ἀληθείας.
969 768 1040 836 ἐπεί
1072 771 1110 836 δὲ
1140 773 1161 856 ἡ
1194 791 1206 830 ε

141 889 201 945 τοῦ
230 880 406 961 δαιμονίου
434 879 590 962 πρόνοια,
622 872 682 961 ὑφ’
709 871 748 960 ἧς
775 875 827 941 ἀεὶ
854 879 1025 960 σωζόμεθα
1054 887 1162 964 κοινῇ,

142 991 249 1063 καλῶς
285 995 428 1051 ποιοῦσα
464 986 505 1050 τά
538 982 747 1068 κεκρυμμένα
777 983 987 1066 βουλεύματα
1018 985 1074 1050 καλ
1105 987 1164 1063 τάς

143 1094 300 1171 ἀνοσίους
322 1091 540 1177 ἐπιχειρήσεις
562 1101 629 1156 τῶν
646 1097 742 1168 θεοῖς
764 1089 898 1176 ἐχθρῶν
916 1093 963 1169 είς
986 1103 1057 1177 φῶς
1080 1093 1163 1178 άγει,

142 1201 198 1266 καί
233 1201 407 1286 γράμματα
442 1199 601 1284 πάρεστιν
636 1199 726 1282 ἡμῖν,
765 1196 786 1262 ἀ
823 1197 1009 1282 δεδέγμεθα
1044 1200 1164 1266 νεωστί

143 1309 232 1393 παρά
255 1307 360 1386 ξένων
383 1307 520 1371 εὔνοιαν
542 1305 622 1389 ἡμῖν
643 1303 918 1390 ἐνδεικνυμένων,
941 1305 1000 1383 οὓς
1021 1306 1164 1393 ὕστερον
1182 1325 1209 1365 1⁰

143 1415 345 1497 ἀκούσεσθε,
372 1413 428 1478 καί
455 1411 628 1497 συντρέχει
649 1435 685 1477 τε
707 1411 763 1478 καί
785 1412 923 1500 συνᾴδει
945 1423 1015 1490 τοῖς
1038 1411 1165 1492 ἔξωθεν

144 1520 428 1602 ἐπιστελλομένοις
455 1521 495 1585 τά
523 1517 664 1585 ἐνθένδε
686 1520 893 1603 μηνυόμενα,
920 1520 976 1585 καί
999 1521 1039 1585 τά
1060 1521 1165 1607 πράγ-

144 1652 229 1712 ματα
256 1626 367 1693 ούκέτι
393 1626 552 1711 μέλλησιν
580 1623 652 1692 οὐδ’
681 1626 850 1710 ἀναβολὴν
878 1624 915 1692 ἐν
941 1627 1057 1712 χερσὶν
1084 1629 1165 1694 όντα

145 1733 343 1819 ἐπιδέχεται,
371 1734 452 1819 πρίν
476 1735 523 1811 είς
545 1734 605 1798 τὸν
628 1733 735 1816 δῆμον
758 1731 951 1818 ἐξενεγκεῖν,
974 1733 1055 1817 ὑμῖν
1077 1735 1165 1820 πρά-

145 1865 214 1918 τοις
241 1841 351 1926 ὥσπερ
380 1838 450 1906 ἐστὶ
477 1841 608 1906 δίκαιον
635 1841 831 1926 ἀπαγγεῖλαι
861 1840 1044 1925 διέγνωμεν
1073 1842 1165 1907 αὐτά.
1184 1865 1210 1906 ιε

146 1948 215 2013 ίσιε
248 1948 289 2032 δὴ
322 1951 536 2030 συνωμοσίαν
568 1945 622 2013 έπλ
653 1959 699 2033 τῷ
732 1948 824 2036 δήμῳ
854 1948 1078 2033 γεγενημένην
1105 1946 1205 2014 ύπ’3

64 2070 135 2120 2008
145 2055 280 2139 ἀνδρῶν
308 2054 371 2120 ούκ
403 2054 555 2139 ἀφανῶν,
587 2053 625 2120 ἐν
652 2047 703 2130 οίς
734 2052 859 2119 ἐνεῖναι
887 2054 949 2137 μέν
976 2078 1008 2120 τι
1039 2055 1167 2139 λέγεται

145 2161 243 2246 μέρος
275 2161 316 2226 οὐ
349 2163 436 2226 πολὺ
468 2163 523 2226 καλ
554 2172 623 2226 τῶν
655 2163 703 2238 είς
734 2161 810 2226 τόδε
845 2161 1097 2245 συλλεγομένων
1128 2164 1166 2228 τὸ

146 2268 325 2350 συνέδριον
353 2267 598 2353 πρεσβυτέρων,
630 2269 668 2333 τὸ
697 2268 735 2332 δὲ
762 2272 918 2332 πλεῖστον
946 2265 982 2334 ἐκ
1010 2279 1079 2334 τῶν
1106 2266 1166 2347 ἔξω

145 2385 203 2460 της
235 2377 359 2458 βουλῆς
394 2374 531 2458 ίππέων,
568 2374 627 2452 οὓς
659 2375 751 2439 ούπω
784 2375 898 2458 καιρὸς
929 2374 1050 2452 οἵτινές
1081 2377 1167 2442 εἰσιν
1185 2397 1212 2438 ιο

145 2480 227 2563 ύμῖν
250 2481 367 2564 λέγειν.
413 2481 572 2564 μέλλουσι
595 2477 625 2546 δ’
644 2475 717 2565 ούν,
740 2481 785 2558 ὡς
806 2483 1068 2567 πυνθανόμεθα,
1092 2483 1208 2550 σκο-4

146 2590 244 2654 ταίαν
267 2586 474 2673 φυλάξαντες
502 2589 607 2653 νύκτα
633 2587 850 2672 κοιμωμένοις
876 2589 956 2674 ἡμῖν
979 2587 1167 2677 ἐπιχειρεῖν,

146 2695 244 2779 ἡνίκα
272 2695 348 2760 ούτε
376 2695 529 2780 προιδεῖν
556 2719 588 2760 τι
615 2706 683 2760 τῶν
709 2695 896 2778 γινομένων
919 2696 995 2762 ούτε
1022 2696 1168 2783 φυλάξα-

148 2808 230 2867 σθαι
247 2799 325 2866 καθ’
344 2802 382 2867 ἓν
400 2804 575 2885 γενόμενοι
593 2802 781 2886 δυνάμεθα·
805 2801 1016 2881 ἐπιπεσόντες
1037 2804 1075 2869 δὲ
1097 2814 1169 2882 ταῖς

148 2911 267 2986 οίκίαις
288 2910 368 2986 τούς
389 2932 425 2974 τε
449 2909 638 2994 δημάρχους
659 2911 744 2994 ἡμᾶς
766 2911 1008 2996 κατασφάττειν
1025 2912 1080 2976 καί
1100 2923 1168 2976 τῶν
1187 2931 1213 2973 ει

149 3016 300 3100 δημοτῶν
320 3018 441 3094 ἀλλους
462 3019 565 3098 [τοὺς]
586 3015 849 3095 ἐναντιωθέντας
867 3018 947 3084 ποτὲ
965 3018 1079 3095 αὐτοῖς
1092 3018 1168 3104 περὶ

220 3163 236 3209 ὅ
256 3155 315 3210 ἐπεῖ
335 3157 370 3226 δὴ
390 3157 436 3210 Ba
459 3156 519 3211 ἐπεὶ
539 3157 569 3212 δέ
590 3157 614 3210 R
659 3163 675 3208 9
694 3158 792 3212 νεωστί
811 3174 864 3214 om.
881 3159 905 3212 A
959 3164 991 3212 10
1011 3157 1168 3213 ἐπιδεικνυ-

148 3224 239 3297 μένων
260 3230 283 3280 Α
356 3234 387 3282 11
413 3229 460 3282 καλ
486 3225 627 3298 συντρέχει
648 3249 678 3282 τε
702 3246 753 3283 om.
777 3231 802 3282 A
875 3235 908 3282 13
931 3227 1097 3302 μέ<λ>ησιν
1120 3230 1167 3283 Bb

150 3305 182 3352 17
203 3296 310 3368 λέγεται
329 3299 382 3354 del.
402 3300 499 3354 Naber
516 3300 618 3354 Mnem.
639 3305 681 3364 30,
697 3306 747 3354 261
826 3306 860 3354 20
883 3299 1012 3426 οίτιὲνες
1030 3303 1127 3374 εί>σιν
1146 3301 1168 3352 Β

150 3368 251 3432 οίτινες
268 3365 369 3424 είενΒ
442 3377 476 3426 23
499 3391 526 3426 τι
549 3389 602 3428 om.
625 3371 647 3426 0
672 3371 825 3440 praeterB
898 3378 931 3426 26
976 3373 1102 3445 λλ<ους>
1123 3371 1168 3425 Bb

151 3439 249 3503 ἄλλους
273 3445 322 3496 aut
346 3442 495 3498 delendum
521 3459 581 3498 εεεε
605 3445 655 3496 aut
678 3441 856 3496 scribendum
880 3442 979 3505 ἄλλους
1001 3465 1030 3498 τε
1051 3445 1169 3505 πολλοῖς

150 3511 199 3564 καῖ
213 3511 330 3581 μάλιστα
343 3515 409 3576 τοὺς
424 3531 438 3567 ο
457 3514 560 3568 Reiske
575 3511 702 3582 ἀθρόους
716 3531 739 3568 ο.
750 3513 923 3584 Grasberger
935 3515 1036 3569 Philol.
1049 3520 1092 3581 28,
1103 3519 1167 3580 3463

206 3623 309 3666 Βιοιοιε.
319 3625 382 3664 Eu..
391 3624 431 3664 Ν.
445 3628 487 3664 ευ.
496 3620 603 3664 ῖεοοετ.
991 3627 1007 3674 2
