2668 3922
576 265 609 274 -
647 237 687 288 τε
726 214 771 274 -’
1112 237 1177 302 225

157 360 271 440 δεινὰς
296 362 420 440 ὀδύνας
447 360 638 448 παρέχουσα
664 370 735 439 τοῖς
761 361 865 447 χρωσλ
892 362 975 427 κατὰ
999 363 1079 438 τοὺς
1101 361 1178 427 ὀδα-

157 465 301 555 ξησμούς
327 470 383 535 καλ
410 470 494 556 πρὸς
520 470 586 547 τὰς
605 467 759 546 ὀλαύσεις
786 464 835 533 ἔτι
859 472 987 552 μᾶλλον
1009 461 1203 555 οἰχριαινο-Ι

156 575 251 661 μόνη·
279 575 390 655 πόθος
417 575 563 643 ὀλεεινόν
586 575 624 642 έν
646 585 716 653 τοῖς
743 574 833 642 ποίνυ
856 575 912 642 καί
938 583 999 641 τοῦ
1021 577 1177 662 ταχίστου

151 693 224 748 ’τῶν
246 682 401 770 ὀλέθρων
423 683 540 754 αίτεον.
584 675 696 749 Λαιόν,

228 788 279 878 (4)
315 790 386 857 Ούτι
417 765 526 857 έδόιιει
556 786 632 867 τοῖς
657 791 877 876 προεστηκόσι
905 797 966 855 τοῦ
996 763 1222 892 συνεδρίουῖδ

155 901 301 983 βαθεῖαν
333 899 471 984 εἰρήνην
501 897 557 963 καλ
589 897 814 983 πολυχρόνιον
844 897 939 981 ἄγειν
968 899 1093 984 σχολήν
1124 896 1178 964 ὀν-

155 1005 399 1098 θυμουμένοις,
424 1005 476 1072 ὅτι
499 1005 650 1092 ῥᾳθυμία
672 1004 728 1070 καί
750 1005 861 1090 τρυφή
885 1005 1178 1091 συνεισπορεύεται

155 1123 228 1191 ταῖς
254 1115 371 1180 πόλεσι
391 1114 478 1196 μετὰ
505 1121 563 1197 τῆς
586 1113 734 1198 εἰρήνης,
761 1112 817 1178 παλ
840 1112 906 1194 ἅμα
928 1113 986 1189 τὰς
1008 1113 1178 1190 πολιτικὰς

156 1219 345 1306 ὀρρωδοῦσι
376 1219 526 1305 ταραχάς.
581 1219 637 1285 ααλ
671 1214 769 1284 αὗται
804 1220 870 1306 γὰρ
905 1219 971 1302 ἄμα
1001 1230 1047 1305 τῷ
1080 1242 1177 1286 κατα-

155 1332 304 1412 λυθῆναι
330 1323 409 1404 τοὺς
435 1326 645 1412 ὑπερορίους
664 1325 829 1410 πολέμους
856 1325 997 1411 χαλεπαί
1018 1325 1075 1392 ααλ
1097 1342 1177 1392 συν·
1195 1343 1222 1384 10

157 1442 242 1518 εχελς
264 1431 298 1511 ἐξ
321 1431 450 1517 διπύσης
471 1433 670 1519 προφάσεως
694 1429 881 1499 ἀνίσταντο.

227 1543 392 1626 Κρελττον
404 1549 476 1618 ταῖς
492 1541 763 1626 φιλανθρωπίας
780 1549 944 1626 περαίνοι
961 1549 1029 1607 τῶν
1043 1537 1177 1625 ἐχθρῶν
1195 1537 1216 1602 3

155 1645 176 1730 ἢ
204 1656 276 1724 ταῖς
302 1648 488 1733 τιμωρίαις,
517 1643 624 1725 δι”δς
650 1648 702 1712 κεί
728 1647 834 1733 μηδὲν
857 1646 971 1733 ἕτερον
999 1647 1034 1712 αλ
1060 1645 1101 1731 γέ
1125 1669 1177 1712 τοι

155 1755 245 1839 παρὰ
276 1765 345 1823 τῶν
375 1760 468 1821 θεῶν
500 1753 632 1831 ἐλπίδες
662 1754 780 1839 ήδίους
812 1754 925 1832 αύτοίς
958 1753 1175 1840 ὑπάρχουσιν.

154 1861 264 1926 Λαιόν.
361 1901 370 1914 ··
1200 1877 1226 1919 τε

130 2017 134 2022 -
214 1965 278 2056 (5)
311 1965 367 2046 Ὡς
403 1965 507 2052 ἔμαθε
543 1971 622 2046 τοὺς
658 1971 837 2053 πολεμίους
869 1967 905 2034 ὀκ
936 1979 1004 2034 τῶν
1035 1965 1216 2033 αατόπιν4

154 2063 369 2160 προσιόντας,
397 2074 609 2162 ἐπιστρέφειν
632 2076 694 2160 μέν
717 2075 822 2142 ὀπίσω
850 2076 1082 2162 περιεχόμενος
1108 2073 1174 2142 ὑπὸ

153 2191 222 2247 τῶν
244 2184 412 2266 πολεμίων
434 2185 648 2267 πανταχόθεν
671 2179 803 2266 ἀπέγνω
827 2180 1094 2264 ἐνθυμούμενος,
1125 2181 1176 2246 ὅτι

153 2288 435 2355 κινδυνεύσουσιν
453 2289 596 2366 ἅπαντες
618 2289 725 2354 οὐθὲν
743 2286 995 2371 ἀποδειξάμενοι
1017 2295 1175 2374 γενναῖον

154 2391 255 2480 ἔργον
279 2394 429 2479 αἴσχιστα
456 2387 706 2482 διαφθαρῆναι,
731 2394 839 2480 ὀλίγοι
865 2417 901 2460 τε
924 2397 1007 2483 πρὸς
1030 2398 1175 2472 πολλοὺς
1193 2430 1219 2470 ςη

153 2503 334 2586 μαχόμενοι
361 2502 416 2568 καί
443 2501 726 2589 τεθωρακισμένοι
752 2503 836 2588 πρὸς
865 2501 1040 2590 ἐλαφρούς.
1093 2503 1174 2569 ὀδὼν

150 2608 193 2674 δέ
210 2608 318 2693 ὀχθον
336 2609 411 2674 τινὰ
429 2608 561 2695 ύήηλόν
579 2605 739 2694 ἐπιεικῶς,
762 2608 799 2688 ὃς
816 2606 860 2695 ήν
878 2611 968 2697 αὐτῷ
987 2610 1028 2677 ού
1046 2613 1174 2748 πρόσω,

153 2724 276 2781 τοῦτον
298 2712 384 2800 ἕχνω
406 2716 661 2801 καταλαβέσθαι
706 2718 816 2786 Ambr

226 2821 276 2910 (6)
300 2818 396 2910 Ἀχρί
394 2836 482 2902 ππας
509 2829 681 2910 Μενήνιος
708 2825 763 2892 καὶ
790 2827 941 2903 Πόπλιος
968 2827 1173 2910 Λουκρήτιος

154 2929 210 2994 καλ
236 2932 400 3017 Σερούιος
426 2931 590 3017 Ναύτιος,
622 2934 786 3019 χιλίαρχοι
812 2934 836 3019 †
862 2930 1073 3017 τιμηθέντος,
1105 2929 1174 2998 ἐπί-
1193 2963 1218 3003 ςς

269 3145 375 3210 μαθεῖν
398 3142 494 3198 Ambr.
522 3144 647 3216 βαθεῖαν
673 3143 773 3199 Struve
849 3148 865 3198 8
889 3150 952 3205 ταῖς
976 3144 1172 3205 πολιτικατς-
1162 3138 1166 3146 ’

26 3205 31 3214 ’
153 3229 263 3282 ταραχα
226 3145 308 3274 ατς
320 3212 415 3270 Ambr.
444 3231 513 3270 corr.
540 3214 639 3270 Struve
725 3222 757 3270 11
786 3212 952 3270 ἀνίστανται
982 3230 1005 3268 ο.
1031 3213 1174 3286 Kiessling

156 3287 189 3336 13
207 3231 257 3336 ααχλ
275 3283 371 3340 Ambr
389 3286 434 3340 ιιεί
452 3285 551 3342 Struve
570 3288 605 3341 of.
619 3286 729 3358 Jacoby
742 3287 808 3343 Aar
822 3287 1017 3356 Progr.p.14
1079 3290 1113 3338 14
1132 3285 1174 3340 ἐλ·

153 3349 278 3416 πίδες”
260 3374 359 3446 ηττους
390 3373 413 3412 ο.
435 3357 578 3429 Kiessling
663 3363 697 3413 23
721 3358 833 3514 τοοτονρ
862 3357 955 3412 αότων
987 3373 1010 3412 ο.
1031 3357 1174 3426 Kiessling

155 3430 190 3478 24
208 3424 371 3494 λουκροίτιος
384 3427 480 3485 Ambr.
537 3436 583 3486 25
591 3426 637 3500 οέρ
640 3451 699 3500 ριος
712 3429 801 3484 Ambr
854 3426 994 3500 χιλίαρχοι
1010 3424 1174 3497 τιμηθέντος

154 3496 250 3553 Ambr.
269 3496 410 3574 χιλιαρχίᾳ
427 3520 450 3554 τ,
471 3499 559 3557 Cobet
580 3501 684 3572 Obe.p
686 3507 759 3559 .213
783 3502 833 3570 qui
855 3500 948 3556 addit·
974 3499 1108 3554 usitatius
1131 3501 1174 3554 οετ

209 3620 607 3665 Βιοατε.111αττ.αο.τεε.οοτ
978 3620 1011 3669 15
