2662 3920
162 197 207 262 34
592 225 625 230 -
663 197 677 245 Ῑ
714 225 747 231 -

156 321 323 404 Ῥωμαίων
345 323 472 398 πόλεως
494 321 745 406 προεστηκότες,
769 320 813 396 ὡς
836 319 1018 404 αύτουργολ
1040 318 1096 384 καί
1119 319 1188 383 σώ-

161 452 285 514 φρονες
311 429 367 493 καί
395 429 514 492 πενίαν
542 427 675 492 δικαίαν
698 427 739 491 οὐ
763 429 988 512 βαρυνόμενοι
1010 426 1066 491 καί
1088 428 1188 508 βασι-

160 537 253 612 λικάς
289 536 330 600 οὐ
368 535 544 611 διώκοντες
581 531 747 616 ἐξουσίας,
788 533 871 598 ἀλλά
912 533 968 598 καί
1006 532 1188 615 διδομένας

161 641 387 724 ἀναινόμενοι·
420 644 628 726 φανήσονται
659 641 723 726 γάρ
755 639 836 705 οὐδὲ
862 642 944 706 κατὰ
971 642 1091 726 μικρὸν
1119 638 1188 706 ἐοι-

130 751 254 826 εκύτες
286 748 426 825 ἐκείνοις
459 749 492 814 ολ
523 756 598 831 νῦν,
631 746 714 812 ἀλλά
745 743 906 812 τάναντία
935 747 1044 812 πάντα
1073 745 1284 830 §mvn-2034

161 857 331 939 δεύοντες,
359 855 447 939 πλὴν
474 855 563 920 πάνυ
592 854 725 938 ὀλίγων,
753 853 798 919 δι’
819 853 878 932 οὑς
907 853 1043 938 ἕστηκεν
1071 849 1124 928 ἔτιΙ
1146 854 1187 918 τὸ

161 970 220 1047 τῆς
247 965 373 1039 πόλεως
402 959 527 1043 ἀξίωμα
552 961 608 1026 καί
634 962 672 1026 τὸ
701 961 817 1039 σώζειν
839 963 901 1046 την
925 961 1008 1045 πρὸς
1036 958 1208 1037 ἐκείνους,

162 1072 241 1146 τοὺς
268 1070 395 1154 ἀνδρας
423 1068 606 1151 ὁμοιότητα.
653 1065 738 1132 ἀλλά
764 1067 842 1152 περὶ
868 1067 929 1150 μὲν
951 1067 1081 1132 τούτων
1103 1067 1187 1143 ἅλις.

234 1173 353 1240 XVIH.
380 1174 414 1240 ‘0
444 1175 482 1240 δὲ
511 1176 668 1252 Κοίντιος
698 1175 901 1258 παραλαβὼν
930 1175 992 1258 την
1023 1173 1188 1239 ὑπατείαν

118 1304 143 1344 10
162 1293 296 1368 πρῶτον
319 1283 381 1365 μὲν
404 1279 528 1348 ἔπαυσε
549 1279 629 1358 Ιτοὺς
651 1281 841 1366 δημάρχους
860 1292 928 1347 τῶν
948 1292 1074 1346 καινῶν
1092 1285 1188 1346 πολι-

162 1387 334 1472 τευμάτων
365 1390 420 1455 καὶ
453 1395 512 1474 τῆς
544 1386 598 1453 ἐπί
629 1398 674 1475 τῷ
707 1389 798 1475 νόμῳ
828 1387 978 1472 σπουδῆς
1005 1387 1187 1473 προειπών,

163 1497 208 1573 ὡς
240 1497 270 1561 εί
300 1499 344 1580 μὴ
377 1496 563 1561 παύσονται
594 1494 811 1578 ταράττοντες
842 1497 903 1579 τὴν
934 1497 1035 1560 πόλιν
1069 1491 1187 1572 ἀπάξει

160 1601 338 1685 Ῥωμαίους
374 1603 522 1679 ἅπαντας
558 1601 594 1667 ἐκ
630 1608 688 1686 τῆς
725 1604 851 1680 πόλεως
892 1604 1068 1687 στρατείαν
1103 1603 1187 1668 κατὰ

123 1709 391 1774 2οὐολούσκων
423 1711 654 1794 παραγγείλας.
709 1706 781 1774 ἐπεὶ
813 1708 851 1772 δὲ
881 1708 1046 1774 κωλύσειν
1082 1710 1187 1774 αὑτὸν

119 1835 145 1876 11
165 1811 281 1899 ἔλεγον
313 1817 346 1881 ολ
377 1816 553 1900 δήμαρχοιΙ
575 1823 718 1900 στρατοῦ
753 1822 924 1881 ποιεῖσθαι
957 1819 1185 1901 καταγραφήν,

166 1923 366 2006 συναγαγὼν
392 1924 430 1988 τὸ
458 1927 588 2007 πλῆθος
616 1923 663 1998 είς
691 1913 868 2006 ἐκκλησίαν
895 1917 997 2006 εἶπεν,
1025 1923 1076 1988 δτι
1103 1923 1186 1987 πάν-

165 2053 217 2107 τες
245 2029 435 2112 ὀμωμόκασι
456 2031 516 2094 τὸν
539 2030 776 2114 στρατιωτικὸν
799 2029 911 2114 ὅρκον,
939 2026 1186 2114 ἀκολουθήσειν

164 2147 234 2214 τοῖς
256 2136 395 2213 ὑπάτοις
418 2133 472 2220 ἐφ’
491 2135 550 2214 οὑς
573 2135 615 2201 ἀν
637 2141 804 2200 καλῶνται
826 2135 1005 2220 πολέμους,
1028 2137 1083 2201 καί
1106 2140 1185 2220 μήτε

166 2240 361 2324 ἀπολείψειν
384 2245 424 2308 τά
448 2253 566 2327 σημεῖα
588 2247 668 2328 μήτε
694 2244 775 2308 ἀλλο
799 2241 936 2328 πράξειν
958 2244 1068 2328 μηθὲν
1091 2241 1186 2308 ἐναν-

121 2368 147 2408 20
165 2353 239 2416 τίον
265 2362 310 2436 τῷ
339 2353 444 2438 νόμῳ·
472 2351 675 2433 παραλαβὼν
698 2349 736 2414 δὲ
760 2351 822 2434 την
844 2349 1009 2435 ὑπατικὴν
1032 2348 1185 2428 ἐξουσίαν

167 2458 266 2534 αὐτὸς
296 2454 384 2541 ἔχειν
416 2454 480 2541 ἔφη
512 2456 759 2543 κρατουμένους
791 2457 938 2535 ἅπαντας
969 2467 1040 2534 τοίς
1067 2457 1184 2542 ὅρκοις.

126 2562 146 2626 3
167 2565 270 2629 εἰπὼν
293 2563 456 2628 δὲταῦτα
478 2565 534 2629 καλ
556 2564 797 2647 διομοσάμενος
819 2568 1004 2649 χρήσεσθαι
1026 2575 1072 2651 τῷ
1095 2567 1183 2651 νόμῳ

166 2672 248 2736 κατά
279 2680 347 2736 τῶν
379 2669 614 2736 ἀπειθούντων
647 2670 820 2736 ἐκέλευσεν
852 2669 888 2736 ἐκ
920 2681 987 2736 τῶν
1019 2673 1117 2757 λερῶν
1146 2672 1262 2737 τάεοεο

167 2787 284 2861 σημεῖα
315 2777 528 2862 καταφέρειν·
569 2777 624 2842 καί
657 2778 727 2860 ἵνα,
760 2774 839 2863 ἔφη,
872 2787 983 2842 πᾶσαν
1015 2776 1183 2861 ἀπογνῶτε
1303 2785 1304 2790 ’

122 2901 147 2942 2⁶
167 2885 381 2968 δημαγωγίαν
404 2883 458 2949 ἐπὶ
481 2895 539 2968 της
562 2882 640 2970 ἐμῆς
662 2883 834 2968 ὑπατείας,
857 2884 897 2950 οὐ
921 2887 1085 2970 πρότερον
1108 2884 1183 2948 ἀνα·
1301 2943 1302 2967 ,

240 3065 254 3112 7
274 3056 306 3114 τὸ
326 3059 432 3130 σώζειν]
452 3059 588 3124 ἀποσώζει
607 3076 630 3114 ο.
645 3059 789 3130 Kiessling
808 3061 886 3124 σώζει
905 3058 992 3114 Cobet
1006 3059 1071 3114 Obs.
1091 3065 1180 3129 p.191
1299 3071 1300 3113 ι

168 3129 235 3184 ὥστε
256 3132 350 3195 σώζειν
368 3129 464 3185 Naber
477 3130 579 3185 Mnem.
595 3136 638 3197 30,
654 3137 705 3185 253
720 3131 793 3185 nihil
806 3131 974 3185 mutandum
988 3133 1032 3186 est
1086 3137 1120 3184 14
1139 3132 1181 3184 ού·
1298 3173 1299 3185 ,

169 3202 318 3268 ολούσκων,
345 3219 401 3256 non
428 3202 614 3264 ούολούσκονς
641 3201 663 3254 Β
742 3209 775 3256 1‘1
803 3205 868 3271 post
896 3199 1057 3272 ὀμωμόκασι
1084 3202 1181 3256 lacuna
1297 3253 1298 3259 ,

168 3273 255 3326 trium
273 3271 444 3337 litterarum,
463 3273 493 3326 in
512 3272 614 3340 quibus
630 3273 679 3326 καλ
694 3273 781 3327 fuisse
794 3274 906 3328 videtur
961 3279 994 3327 18
1013 3271 1180 3342 πολέμουςΟ

169 3341 316 3412 πολεμίους
342 3343 484 3413 Kiessling
514 3341 561 3411 ἐφ’
587 3342 636 3404 οὑς
664 3341 700 3397 δν
727 3345 850 3414 ἡγῶνται
876 3343 1025 3414 πολεμίους
1053 3362 1077 3400 c:
1101 3343 1181 3399 Cobet
1295 3371 1296 3403 1

171 3415 235 3469 obs.
259 3432 287 3483 p.
308 3419 357 3468 191
385 3431 422 3468 an
447 3413 619 3468 ἐκκαλῶνται
644 3414 823 3470 scribendum
848 3419 909 3470 est?
983 3421 1016 3470 19
1039 3417 1180 3483 πρᾶξαιδ
1294 3427 1295 3477 1

171 3493 204 3538 22
224 3485 385 3556 χρήσασθαι
404 3485 426 3540 Ο
446 3503 517 3539 corr.
537 3485 697 3554 Stephanus
