2668 3922
152 221 217 287 180
570 247 602 256 ··
640 220 680 270 ῙΑ
713 247 750 284 Α-

108 346 244 429 3μενοι
271 346 348 431 περὶ
375 344 479 410 αὐτὸν
505 343 729 427 ήκολούθουν.
780 340 851 408 ἐπεί
879 337 909 406 δ’
930 343 978 420 είς
1005 344 1065 409 τὸν
1093 343 1174 410 ἀνα-

77 428 117 468 s
149 453 358 535 πεπνυμένον
376 460 437 517 τοῦ
459 449 685 535 στρατοπέδου
708 451 812 514 τόπον
835 445 952 533 ήλθεν,
976 448 1031 516 ἐπί
1053 452 1174 533 μετεώ-

149 585 211 646 ρου
238 562 330 636 τινὸς
357 558 450 642 στάς,
478 555 563 622 ὥσθ’
584 556 650 621 ὑπὸ
678 556 813 622 πάντων
836 556 996 641 δρᾶσθαι,
1024 557 1173 642 διηγεῖτο

148 670 206 744 τὰς
223 666 474 750 καταλαβούσας
497 663 601 729 αὐτὸν
622 663 811 749 συμφοράς,
834 653 1003 749 μάρτυρας
1025 674 1094 729 τῶν
1117 667 1172 730 λό-

116 795 218 858 εγων
250 774 474 860 παρεχόμενος
510 773 589 847 τοὺς
625 773 690 834 σὺν
722 769 811 858 αὐτῷ
845 771 1013 855 παρόντας
1044 769 1081 836 ἐκ
1112 777 1172 856 τής

148 883 282 959 πόλεως.
329 881 374 957 ὡς
396 879 434 945 δέ
456 875 643 960 κατέμαθεν
669 877 941 962 ὀλοφυρομένους
966 901 1002 943 τε
1025 883 1172 956 πολλοὺς

107 965 203 1054 ’καί
217 987 434 1072 δακρύοντας,
453 987 500 1063 είς
517 987 639 1062 ίκεσίας
657 985 713 1050 καί
731 985 860 1068 δεήσεις
876 983 987 1050 αὐτῶν
1001 983 1171 1072 ἐτράπετο,

147 1097 191 1179 μή
222 1095 385 1179 περιιδεῖν
415 1091 488 1177 μήτ’
513 1092 616 1158 αὐτὸν
646 1091 853 1177 ἀτιμώρητον
880 1093 1063 1175 γενόμενον
1090 1095 1171 1176 μήτε

147 1204 209 1286 τήν
227 1201 372 1286 πατρίδα
389 1198 727 1286 προπηλακιζομένην.
764 1196 896 1282 λέγοντι
915 1197 945 1262 δ’
959 1199 1048 1288 αὐτῷ
1067 1209 1171 1265 ταῦτα

101 1331 128 1370 10
147 1313 234 1375 πολὺ
267 1311 304 1374 τὸ
337 1308 546 1390 βουλόμενον
578 1304 611 1383 ἐξ
645 1305 801 1371 ἁπάντων
838 1305 973 1370 ἀκούειν
1008 1307 1065 1372 καί
1101 1305 1171 1372 ἐπι-

105 1417 127 1481 4
146 1419 367 1499 κελευόμενον
386 1413 496 1498 λέγειν
514 1411 651 1496 ἐγίνετο.
687 1413 857 1498 τονγάρτοι
878 1413 935 1478 καί
956 1415 1170 1500 θρασύτερον

145 1524 209 1608 ήδη
241 1526 430 1606 καθήπτετο
462 1526 521 1604 τῆς
553 1519 745 1604 ὀλνγαρχίας
776 1517 918 1604 διεξιόν,
955 1521 1000 1598 ὡς
1035 1528 1171 1588 πολλῶν

145 1631 207 1712 μὲν
226 1629 405 1714 ἀφείλοντο
423 1629 482 1704 τδις
501 1626 616 1703 οὐσίας
637 1627 670 1692 οἱ
693 1626 787 1710 δέκα,
810 1632 945 1692 πολλῶν
968 1628 1006 1693 δέ
1028 1634 1170 1714 πληγαῖς

145 1736 303 1825 ᾐκίσαντο
322 1736 363 1799 τά
381 1735 525 1817 σώματα,
546 1735 761 1817 παμπόλλους
779 1733 818 1799 δέ
836 1744 959 1818 φυγεῖν
977 1735 1170 1819 ἠνάγκασαν

101 1864 125 1904 ιι
146 1841 182 1908 ἐκ
200 1848 259 1927 τής
277 1842 436 1927 πατρίδος
455 1840 556 1905 οὐδὲν
571 1840 801 1924 ἀδικήσαντας,
820 1852 990 1924 γυναικῶν
1004 1865 1039 1906 τε
1054 1841 1170 1928 ύβρεις

146 1949 201 2014 καί
224 1947 406 2034 παρθένων
429 1946 599 2032 ἐπνγάμων
623 1947 772 2032 άρπαγδις
794 1948 850 2014 καὶ
875 1949 1006 2014 παίδων
1033 1946 1254 2022 ἐλευθέ-λεοο

146 2081 215 2142 ρων
234 2058 526 2142 προπηλακισμούς
545 2055 600 2120 καί
623 2056 681 2132 τάς
704 2055 805 2132 άλλας
828 2054 939 2121 αὐτῶν
962 2059 1169 2141 παρανομίας

104 2164 180 2230 ὅτε
202 2165 258 2230 καί
282 2163 450 2248 ὠμότητας
472 2160 732 2246 ἐκλογιζόμενος·
756 2162 825 2228 Καὶ
847 2159 954 2247 ταῦτ’,
977 2159 1057 2248 ἐφη,
1087 2185 1169 2250 προ-

144 2273 381 2356 πηλακίζουσιν
403 2271 488 2354 ἡμᾶς
508 2271 541 2335 οἱ
562 2273 642 2353 μήτε
664 2271 756 2356 νόμῳ
779 2270 841 2353 τήν
864 2266 1019 2347 ἐξουσίαν
1037 2267 1169 2356 ἔχοντες

99 2400 125 2440 εο
144 2382 224 2462 μήτε
246 2380 435 2463 ψηφίσματι
458 2380 583 2461 βουλῆς
605 2376 626 2461 ή
651 2377 758 2460 δήμου
786 2379 1020 2462 συγχωρήματι
1047 2381 1168 2460 λαβόν-

143 2508 212 2569 τες,
235 2523 278 2532 -
302 2484 320 2549 ὁ
343 2486 407 2568 γάρ
431 2482 598 2560 ἐνιαύσιος
622 2483 736 2560 αὐτοῖς
757 2489 816 2566 τής
839 2483 942 2568 ἀρχῆς
964 2487 1099 2569 χρόνος,
1127 2485 1168 2551 δν

144 2589 246 2676 ἐχρήν
275 2591 396 2667 αὐτοὺς
424 2589 586 2676 ἄρξαντας
614 2589 737 2676 ἑτέροις
765 2591 975 2676 παραδοῦναι
997 2593 1038 2657 τδι
1060 2593 1167 2677 κοινά,

144 2701 390 2783 παρελήλυθεν,
412 2733 456 2744 —-
480 2696 552 2762 ἀλλ’
570 2696 606 2762 ἐκ
629 2707 689 2762 τοῦ
717 2697 908 2780 βιαιοτάτου
931 2709 998 2764 τῶν
1021 2702 1167 2786 τρόπων,

143 2806 271 2890 πολλήν
290 2805 419 2869 δειλίαν
437 2804 492 2868 καί
514 2807 679 2886 μαλακίαν
701 2807 920 2888 καταγνόντες
942 2806 1037 2890 ήμῶν
1055 2807 1167 2892 ὥσπερ

98 2886 322 3017 ξγυναικῶν.
368 2910 545 2977 εἰσελθέτω
574 2912 615 2995 δή
644 2913 801 2995 λογισμὸς
829 2911 968 2978 ἕκαστον
995 2912 1090 2996 ὑμῶν
1118 2909 1168 2980 ὧν

143 3019 171 3084 τ’
189 3020 288 3096 αὐτὸς
311 3018 463 3084 πέπονθε
485 3019 541 3084 καί
564 3012 612 3084 ὧν
631 3013 723 3084 οίδεν
746 3018 879 3105 ἑτέρους
902 3022 1086 3098 παθόντας·
1110 3023 1167 3087 καὶ

144 3127 176 3191 εί
200 3149 249 3203 τις
277 3125 373 3210 ὑμῶν
400 3127 632 3209 δελεαζόμενος
659 3125 716 3190 ὑπ’
734 3127 845 3192 αὐτῶν
867 3127 1005 3211 ήδοναίς
1032 3144 1122 3193 τισιν
1145 3128 1166 3214 i}

143 3234 277 3320 χάρισιν
307 3233 347 3298 οὐ
377 3235 564 3319 πεφόβηται
593 3235 655 3318 τήν
686 3233 880 3319 ὀλιγαρχίαν
913 3234 993 3300 οὐδὲ
1025 3235 1167 3320 δέδοικε,

215 3415 230 3463 2
257 3407 303 3462 ἐπὶ
326 3429 352 3477 μ.
375 3408 441 3472 στάς
464 3429 540 3472 τινος
564 3410 586 3464 Ο
612 3412 726 3478 praeter
748 3410 769 3462 L
852 3415 886 3464 18
912 3408 1118 3481 ἐκλογιζόμενος
1141 3411 1166 3466 0

143 3477 364 3550 ἐπιλογιζόμενος
381 3480 524 3551 Kiessling
597 3487 630 3536 19
650 3481 704 3550 ’μὴ
724 3481 746 3536 Ο
766 3481 832 3550 μήτε
852 3497 903 3551 ego
