2668 3922
582 259 616 268 -
654 232 694 283 M
730 260 765 268 -
1122 231 1185 296 197

166 358 350 445 αὐξηθεῖσα
379 357 440 425 οὑκ
462 357 603 442 ὀλίγοις,
633 356 678 434 ὡς
699 359 955 422 καταλυσάντων
982 367 1050 422 τῶν
1072 376 1187 442 πατρι-

165 469 248 532 κίων
277 468 355 544 τοὺς
384 468 523 549 νόμους,
553 463 613 541 οὑς
642 462 815 549 ἐκύρωσαν
844 465 877 530 ολ
899 464 975 548 περλ
1002 463 1187 549 Οὐαλέριον

165 573 299 639 ὑπατοι·
330 569 461 652 δέξατ’
485 572 604 657 ἰσχυρά
627 571 683 638 καί
713 571 753 636 ού
777 573 863 636 πολὺ
887 570 1056 656 ἀπέχουσα
1079 575 1187 649 (τοῦ)

166 683 275 759 πίστις
305 674 391 746 εἶναι
422 682 501 757 τοὺς
530 681 675 756 πολλοὺς
707 687 842 763 κατεῖχε.
895 678 950 743 καὶ
980 679 1020 743 τά
1049 677 1111 761 μέν
1134 675 1188 744 ἐπὶ

166 788 295 853 τούτων
318 787 511 874 πραχθέντα
533 797 602 852 τῶν
624 785 761 852 ὑπάτων
783 781 875 850 ταῦτ’
893 781 944 869 ἦν.
1220 804 1233 846 ι

237 893 289 960 LI.
325 896 366 960 Οἱ
399 895 436 960 δὲ
467 895 528 960 τὸν
554 892 628 977 ἑξῆς
659 891 904 970 ὑπατεύσαντες
936 891 1092 959 ἐνιαυτὸν
1121 892 1189 958 Λά-

167 1025 225 1087 ρος
258 1000 426 1088 Ἑρμίνιος
461 1001 517 1067 καλ
554 1003 649 1078 Τίτος
683 1000 893 1085 Οὑεργίνιος·
939 1000 994 1065 καὶ
1030 1001 1063 1065 οἱ
1100 1001 1189 1085 παρὰ

165 1109 295 1174 τούτων
331 1111 394 1194 την
425 1108 531 1195 ἀρχὴν
563 1109 826 1192 παραλαβόντες,
857 1106 996 1192 Μάρκος
1030 1107 1189 1192 Γεγάνιος

993 1231 1189 1262 ****

1113 1339 1127 1368 ε
1175 1335 1233 1374 *1⁰

86 1449 156 1498 2285
236 1429 304 1496 LII.
337 1430 458 1514 Μηδὲν
490 1426 521 1494 δ’
553 1429 664 1494 αὐτῶν
696 1427 978 1513 ἀποκρινομένων,
1011 1425 1082 1494 ἀλλ’
1110 1429 1190 1513 ἀγα-

167 1538 381 1604 νακτούντων
410 1538 590 1623 παρελθὼν
620 1531 722 1613 αὖθις
746 1535 914 1613 Σκάπτιος
943 1534 998 1602 ἐπί
1026 1537 1063 1601 τὸ
1087 1539 1188 1620 βῆμα·

159 1641 281 1730 Ἔχετ’,
312 1640 391 1729 ἔφη,
421 1643 751 1730 παρακεχωρημένον,
781 1643 901 1728 ἀνδρες
931 1647 1077 1728 πολῖται,
1107 1640 1184 1729 παρ’

169 1751 280 1816 αὐτῶν
315 1762 383 1816 τῶν
419 1750 682 1836 διαφερομένων,
720 1750 770 1816 ὅτι
802 1759 859 1834 της
890 1749 1049 1837 ἡμετέρας
1081 1751 1189 1836 χώρας

168 1857 298 1936 ἑαυτοῖς
320 1857 425 1943 μηδὲν
447 1858 679 1945 προσηκούσης
699 1856 960 1924 ἀντιποιοῦνται·
985 1859 1068 1943 πρὸς
1086 1867 1189 1923 ταῦτα
1207 1878 1232 1918 ιε
1323 1877 1324 1915 1

168 1965 310 2052 ὁρῶντες
339 1967 379 2030 τὰ
402 1966 513 2032 δίκαια
535 1966 591 2032 καλ
613 1967 654 2031 τὰ
677 1966 799 2050 εύορκα
821 1967 1027 2049 ψηφίσασθε.
1079 1971 1188 2030 Ταῦτα
1207 1966 1227 2029 2

167 2082 227 2138 τοῦ
259 2076 432 2139 ἕλιαπτίου
465 2073 621 2158 λέγοντος
657 2073 759 2149 αἰδὼς
796 2072 898 2161 εἰσῄει
930 2075 1010 2148 τοὺς
1040 2072 1189 2150 ὑπάτους

168 2178 457 2264 ἐνθυμουμένους,
481 2179 525 2255 ὡς
548 2179 625 2244 ούτε
648 2180 780 2244 δίκαιον
803 2175 873 2243 οὔτ’
892 2179 1092 2264 εὐπρεπὲςὴ
1112 2180 1187 2264 δίκη

167 2291 304 2370 λήψεται
333 2285 441 2369 τέλος,
472 2285 515 2350 ἀν
543 2308 619 2349 τινα
646 2284 964 2369 ἀμφισβητουμένην
987 2282 1047 2370 ὑφ’
1066 2283 1188 2372 ἑτέρων

165 2393 277 2478 χώραν
307 2392 462 2476 δικαστὴς
492 2392 640 2476 αἱρεθείς
663 2391 680 2460 ὑ
700 2389 866 2475 Ῥωμαίων
896 2392 999 2476 δῆμος
1028 2392 1185 2477 μηδέποτ’
1206 2417 1233 2457 εο

166 2500 267 2585 αὐτῆς
281 2497 577 2583 ἀντιποιησάμενος
590 2497 696 2586 ἑαυτῷ
711 2498 916 2589 προσύικάση
929 2501 1008 2576 τοὺς
1022 2499 1188 2585 ἀμφισβη-

85 2616 306 2683 εεεοτοῦντας
328 2602 545 2691 ἀφελόμενος·
569 2606 625 2672 καί
647 2605 766 2672 πολλοὶ
784 2606 917 2691 σφόδρα
935 2604 1122 2692 ἐλέχθησαν
1140 2609 1187 2686 είς

167 2711 360 2800 ἀποτροπὴν
389 2721 450 2778 τοῦ
480 2712 670 2799 πράγματος
698 2713 764 2779 ὑπὸ
791 2724 860 2780 τῶν
882 2713 1019 2779 ὑπάτων
1041 2716 1096 2780 καί
1119 2715 1187 2781 ’τῶν

166 2821 362 2906 ἡγουμένων
391 2831 448 2906 τῆς
478 2823 602 2904 βουλῆς
632 2821 726 2904 λόγοι
750 2821 910 2906 διακενῆς.
949 2823 982 2887 ολ
1005 2823 1069 2907 γάρ
1098 2818 1225 2887 ἀντι-3

238 3002 252 3049 1
279 2998 453 3066 αάξηθεῖσαν
481 3013 504 3050 ο.
526 2995 629 3052 Reiske
669 2997 672 3068 fl
712 2997 763 3052 οὑκ
791 2994 894 3068 ὀλίγοις
920 2996 942 3052 O
971 2997 1022 3051 οὑκ
1050 2993 1186 3066 ἀληθέσιν

166 3067 269 3122 Βείελῐο
284 3069 335 3123 οὑκ
349 3065 461 3138 ἀλόγοις
474 3067 617 3137 Kiessling
667 3073 682 3121 3
698 3065 767 3134 δόξα
781 3068 812 3123 δὲ
827 3068 897 3138 αὑτη
913 3067 1013 3139 ἰσχυρὰ
1027 3083 1050 3123 ο.
1061 3068 1164 3124 Reiske
1181 3069 1184 3142 ί

165 3147 215 3194 τοῦ
235 3139 299 3194 add.
313 3139 417 3194 Reiske
473 3145 487 3194 'l
506 3136 686 3207 έροοίνιοςΟ
708 3137 851 3210 Ἑρμίνιος
870 3139 991 3209 Sylburg
1046 3145 1062 3194 8
1080 3139 1186 3210 μάρκος

166 3230 196 3280 γε
222 3227 317 3264 omnes
339 3210 406 3265 h'bri
427 3211 475 3266 hic
497 3211 528 3264 in
550 3211 643 3266 modio
661 3227 743 3264 versu
766 3212 910 3278 desinunt3
937 3209 1057 3266 dimidia
1079 3213 1186 3282 pagina

165 3297 255 3335 vacua
283 3284 337 3349 est3
368 3283 403 3336 cf.
431 3299 496 3352 pag.
526 3287 587 3349 188,
608 3288 643 3336 24
730 3289 761 3337 11
796 3282 865 3337 ἀλλά
897 3283 1131 3353 ἀγανακτούντων
1163 3285 1185 3337 L

168 3359 201 3407 12
220 3351 337 3415 κάπτιος
354 3353 401 3408 LV
420 3353 533 3416 κάτλιος
550 3353 580 3408 Μ
644 3359 677 3408 16
696 3351 815 3422 ὁρῶντες
833 3353 887 3408 del.
903 3353 991 3408 Cobet
1005 3354 1070 3410 Obs.
1090 3372 1118 3423 p.
1133 3360 1186 3409 194

166 3427 196 3480 οὑ
213 3442 240 3493 p.
256 3429 315 3548 ml
338 3424 341 3495 λ
367 3423 416 3550 It}
425 3427 490 3480 ante
509 3425 613 3494 εὑορκα
630 3423 707 3480 idom
725 3423 776 3480 1.1.
797 3428 825 3480 et
844 3426 909 3481 λετ.
929 3425 1005 3480 Lect.
1024 3444 1051 3495 p.
1067 3431 1184 3495 378seq.

168 3502 200 3551 17
220 3501 303 3552 Καπτ
316 3514 349 3549 ου
