2668 3922
146 199 213 265 234
565 199 751 250 -113-

146 327 230 410 πρὸς
256 323 388 409 ὑγιείαν
412 320 607 410 ἀνθρώποις
632 319 780 409 ἀριστον,
808 324 885 389 οὔτε
908 322 1004 400 ἕλους
1026 325 1173 408 πλησίον

146 433 258 517 ὄντος,
281 432 366 498 ὅθεν
389 431 541 497 ἕλκονται
562 433 677 516 βαρεῖς
700 430 797 513 ἀτμολ
819 429 875 495 καλ
898 429 1070 514 δυσώδεις,
1094 431 1173 496 οὔτε

146 548 296 622 ποταμοῦ
320 561 412 616 τινος
433 538 564 624 ψυχρὰς
587 535 696 630 ἕωθεν
719 535 871 614 ἀνιέντος
894 535 1012 623 αὔρας,
1037 536 1173 603 ὑδάτων

146 669 181 712 τε
211 645 253 712 οὐ
281 647 434 712 σπανίων
461 645 571 711 ὄντων
598 642 672 710 οὐδ’
695 641 857 728 ίπακτῶν,
880 639 952 710 ἀλλ’
978 643 1172 728 αὐθιγενῶν

115 753 202 818 ικαλ
224 754 397 819 πλουσίων
419 752 475 818 καλ
497 753 658 818 πίνεσθαι
679 751 873 836 κρατίστων.
918 749 1028 815 Ambr.

217 858 304 926 XVI.
333 857 407 946 (22)
435 861 578 924 Αἰνείαν
610 856 747 942 λέγουσι
778 858 838 923 τὸν
870 854 904 935 ἐξ
929 857 1083 942 Ἀγχίσου
1115 857 1172 922 καλ

144 967 356 1053 Ἀφροδίτης,
388 965 443 1032 ὅτε
474 964 631 1050 κατέσχεν
663 965 711 1042 είς
738 965 890 1048 Ἰταλίαν,
920 971 1026 1030 θῦσαι
1055 986 1172 1050 προαι-

147 1074 313 1159 ρούμενον
331 1073 396 1162 ὅτῳ
420 1074 462 1158 δή
485 1095 552 1138 τινι
574 1079 677 1156 θεῶν,
700 1072 781 1155 μετά
802 1072 865 1156 την
884 1071 986 1157 εὐχὴν
1008 1071 1173 1154 μέλλοντα

145 1188 206 1246 τοῦ
238 1179 551 1264 παρεσκευασμένου
581 1180 664 1264 πρὸς
693 1179 755 1262 τῆν
784 1180 912 1244 θυσίαν
943 1179 1066 1263 ίερείου
1096 1201 1173 1246 κατ-

101 1309 127 1349 1⁰
145 1287 323 1373 ἄρχεσθαι,
360 1298 428 1353 τῶν
456 1285 596 1371 Ἀχαιῶν
634 1285 719 1350 ίδεῖν
755 1308 831 1350 τινα
866 1286 1047 1370 πρόσωθεν
1079 1283 1173 1371 ἐρχό-

145 1417 258 1479 μενον,
287 1395 352 1460 εἴτε
373 1392 549 1476 Ὀδυσσέα,
579 1392 634 1458 ὅτε
660 1402 706 1480 τῷ
735 1393 811 1478 περὶ
838 1393 898 1458 τὸν
916 1389 1062 1477 ’Άορνον
1090 1416 1173 1475 μαν-

145 1503 221 1590 τείςο
251 1508 399 1587 χρῆσθαι
428 1498 574 1583 ἔμελλεν,
604 1499 670 1564 εἴτε
699 1499 887 1584 Διομήδην,
915 1499 1015 1582 ἡνίκα
1044 1499 1171 1587 Λατίνῳ

105 1609 125 1673 2
146 1609 315 1692 σύμμαχος
342 1605 493 1693 ἀφίκετο·
521 1603 713 1690 ἀχθόμενον
736 1605 774 1672 δὲ
795 1617 841 1692 τῆ)
865 1609 1094 1691 συχκυρῆματι
1115 1605 1172 1671 καλ

145 1717 308 1797 πολεμίαν
330 1715 410 1794 ὄψιν
429 1709 482 1796 ἐφ’
503 1713 604 1798 ἱεροῖς
627 1723 792 1799 φανεῖσαν
811 1713 855 1790 ὡς
877 1713 1028 1798 πονηρὸν
1047 1713 1172 1778 οἰωνὸν

100 1842 126 1883 ιε
145 1821 404 1907 ἀφοσιώσασθαι
426 1821 644 1904 βουλόμενον,
668 1817 925 1904 ἐγκαλύψασθαί
944 1819 1054 1884 τεκαὶ
1073 1835 1172 1904 στρα-

146 1938 262 2014 φῆναι·
286 1928 367 2010 μετά
390 1925 428 1991 δὲ
450 1926 512 2010 την
533 1925 728 2011 ἀπαλλαγὴν
746 1935 807 1992 τοῦ
830 1927 991 2009 πολεμίου
1013 1926 1172 2012 χερνιψά-

105 2035 248 2118 3μενον
281 2027 382 2111 αὖθις
411 2031 596 2100 ἐπιτελέσαι
627 2034 689 2118 τῆν
720 2035 857 2099 θυσίαν.
909 2032 1101 2118 γευομένων
1133 2031 1172 2098 δε

144 2152 213 2208 τῶν
251 2143 351 2228 ἱερῶν
366 2159 369 2164 ·
386 2142 587 2227 κρειττόνων
618 2141 769 2226 ἡσθῆναί
797 2163 833 2206 τε
865 2151 910 2226 τῷ
942 2143 1172 2225 συμκυρῆματι

144 2249 200 2315 καὶ
231 2249 412 2335 φυλάττειν
442 2246 497 2314 ἐπὶ
527 2247 634 2332 πάσης
664 2247 763 2334 εὐχῆς
791 2249 829 2314 τὸ
860 2247 941 2313 αὐτὸ
972 2243 1063 2331 ἔθος,
1092 2248 1172 2325 τούς

100 2376 127 2416 κο
144 2379 180 2420 τε
210 2352 266 2420 ἀπ’
293 2355 424 2422 ἐκείνου
456 2354 659 2440 γενομένους
695 2355 740 2432 ὡς
772 2353 810 2420 ἕν
841 2376 873 2420 τι
905 2364 972 2420 τῶν
1004 2354 1081 2440 περὶ
1112 2356 1171 2432 τάς

104 2463 126 2528 4
147 2463 336 2547 ἱερουργίας
363 2464 514 2546 νομίμων
541 2462 597 2528 καλ
623 2469 723 2527 τοῦτο
751 2462 929 2548 διατηρεῖν.
981 2459 1054 2547 (23)
1073 2459 1172 2527 Ἐπό-

144 2591 244 2651 μενος
273 2567 315 2652 δὴ
345 2578 415 2646 τοῖς
444 2579 616 2654 πατρικοῖς
645 2567 664 2634 δ
695 2568 865 2652 Κάμιλλος
893 2570 1023 2651 νόμοις,
1056 2566 1171 2653 ἐπειδὴ

144 2677 206 2760 τὴν
239 2674 342 2760 εὐχῆν
371 2673 548 2760 ἐποιήσατο
580 2675 636 2740 καλ
665 2677 749 2740 κατά
776 2685 835 2760 τῆς
863 2679 1009 2760 κεφαλῆς
1039 2675 1172 2742 εἵλκυσε

144 2783 182 2848 τὸ
215 2781 355 2867 ῑμοίτιον,
386 2780 542 2865 ἐβούλετο
572 2782 634 2865 μὲν
658 2791 860 2867 στραφῆναι,
892 2791 950 2866 τῆς
978 2781 1016 2846 δὲ
1043 2782 1172 2864 βάσεως

100 2910 126 2950 ει
144 2888 386 2974 ὑπενεχθείσης
423 2889 464 2954 οὐ
502 2889 664 2974 δυνηθείς
700 2888 881 2973 ἀναλαβεῖν
918 2887 1021 2954 αὑτὸν
1053 2888 1172 2968 ὕπτιος

107 2996 122 3015 ”
105 2994 200 3062 ozai
227 2997 289 3081 τῆν
315 3006 380 3080 γῆν
409 2995 552 3082 φέρεται.
599 3003 721 3062 τοῦτον
747 2997 808 3062 τὸν
835 2997 959 3062 οἰωνὸν
984 2996 1061 3062 οὔτε
1088 3021 1172 3078 μαν-

217 3169 404 3262 δπλουσίρν]
431 3169 646 3239 περιουσίωκο.
669 3171 768 3226 Stmve
841 3169 936 3243 θδτῳ
959 3171 995 3240 δή
1017 3189 1074 3226 τινι
1091 3175 1172 3226 θεῶν

144 3240 279 3296 Ambrst'
261 3261 315 3315 οτφ
334 3242 369 3312 δὴ
387 3247 521 3298 τῶῶνθε
500 3263 539 3298 ων
559 3243 658 3298 suave
710 3244 817 3313 1οἀρχ
817 3225 998 3297 alorAmbr.
1052 3248 1139 3297 13υ
1105 3259 1172 3312 στι-ρ

144 3296 304 3385 κυρῆματι]
310 3314 345 3369 cf.
352 3263 448 3370 Cobet
463 3312 528 3369 obs,
542 3332 570 3384 p.
582 3321 597 3369 '1
613 3263 903 3370 (λδθυοΙετΑπὶωοδν.
919 3313 981 3368 160
1042 3319 1076 3367 14
1089 3317 1172 3368 πολε-

144 3382 210 3454 μίου
238 3382 308 3454 ὄψιν
336 3383 435 3442 stmve
517 3391 552 3440 22
578 3383 738 3454 πατρικίοις
768 3383 865 3440 Ambr.
892 3384 1064 3455 Kiesslingio
1096 3387 1172 3440 λεελε

144 3475 186 3510 πα
167 3463 293 3525 ατρικοῖς
310 3455 403 3510 Maius
422 3457 564 3527 ceterique
583 3473 679 3517 omnes
