2656 3932
162 199 226 264 112
579 229 613 238 -
650 202 691 254 ῙΑ
727 229 761 239 -

90 373 95 380 .
160 329 220 412 μιᾷ
242 324 547 409 καταγωνισάμενοι
568 325 628 391 τὸν
651 325 824 412 βάρβαρον
846 327 1036 412 τριακοσίας
1058 326 1183 412 ἀγοντα

159 431 323 517 μυριάδας
349 431 445 498 αὐτοί
472 434 537 498 σὺν
562 441 633 510 τοῖς
660 433 842 518 συμμάχοις
868 433 909 498 οὐ
933 433 1069 510 πλείους
1089 432 1184 509 ὄντες

161 537 279 604 ἕνδεκα
309 538 493 624 μυριάδων,
525 538 609 606 ἀλλά
637 539 693 604 καί
722 543 801 618 τοὺς
831 541 969 624 τόπους,
1001 538 1039 606 έν
1068 531 1119 616 οἱς
1148 539 1183 604 αλ
1313 535 1314 620 ξ

160 642 293 730 πράξεις
311 643 482 730 ἐγένοντο,
503 647 683 730 βούλονται
701 648 791 733 παρὰ
808 656 866 732 τῆς
886 647 1032 733 ἱστορίας
1049 652 1182 730 μαθεῖν,
1313 661 1314 678 ί

130 752 216 818 ικαὶ
238 753 296 830 τὰς
319 753 426 830 αίτίας
448 752 602 838 ἀκοῦσαι,
625 750 670 818 δι’
692 753 732 832 ἃς
753 755 794 822 τὰ
807 754 986 836 θαυμαστὰ
1004 753 1061 819 καλ
1078 753 1183 839 παρά-

161 857 241 936 δοξα
268 855 350 946 ἔργα
372 857 577 944 ἐπετέλεσαν,
604 861 660 926 καλ
681 863 771 939 τίνες
792 857 879 945 ἦσαν
901 861 935 926 ολ
956 870 1024 926 τόν
1047 876 1182 946 στρατο-

160 965 272 1032 πέδων
298 966 457 1052 ἡγεμόνες
484 977 553 1034 τῶν
574 990 610 1032 τε
632 969 847 1054 βαρβαρικῶν
868 968 924 1034 καὶ
946 979 1015 1034 τῶν
1033 965 1182 1054 Ἐλληνι-

160 1083 229 1139 κῶν
259 1073 444 1160 ἱστορῆσαι,
471 1074 526 1142 καλ
553 1074 696 1160 μηδενὸς
722 1075 768 1152 ὡς
794 1075 901 1142 εἰπεῖν
928 1074 1065 1160 ἀνήκοοι
1091 1075 1182 1160 γενέ-

121 1181 244 1246 3σθαι
269 1190 337 1246 τῶν
365 1180 657 1248 συντελεσθέντων
683 1183 760 1268 περὶ
785 1184 863 1259 τοὺς
885 1181 1025 1266 ἀγῶνας.
1069 1182 1183 1267 ἣδεται

117 1309 143 1348 ιο
160 1287 224 1373 γάρ
250 1287 271 1372 ἡ
295 1287 428 1354 διάνοια
454 1289 584 1365 παντὸς
601 1288 785 1374 ἀνθρώπου
812 1288 1101 1374 χειραγωγουμένη
1127 1290 1182 1354 διά

160 1405 228 1460 τῶν
255 1396 365 1479 λόγων
392 1393 447 1461 ἐπί
473 1396 514 1461 τά
541 1391 622 1482 ἔργα
650 1396 707 1461 καλ
728 1397 772 1482 μη
795 1397 902 1479 μόνον
924 1395 1093 1462 ἀκούουσα
1114 1407 1182 1462 τῶν

161 1500 359 1588 λεγομένων,
388 1501 471 1568 ἀλλά
497 1502 553 1568 καί
580 1504 621 1568 τὰ
647 1505 856 1588 πραττόμενα
878 1501 998 1590 δρῶσα.
1043 1503 1127 1570 οὐδέ
1146 1500 1177 1588 γ’

161 1609 242 1690 ὅταν
273 1610 443 1686 πολιτικάς
475 1608 642 1675 ἀκούσωσι
673 1607 821 1697 πράξεις,
839 1610 1034 1697 ἀρκοῦνται
1062 1611 1106 1676 τὸ,
1130 1634 1182 1676 κε-
1314 1625 1315 1646 *

162 1715 306 1802 φάλαιον
329 1714 486 1782 αὐτὸκαὶ
509 1717 546 1782 τὸ
569 1715 671 1802 πέρας
692 1727 760 1783 τῶν
782 1718 984 1804 πραγμάτων
1005 1714 1182 1803 μαθόντες,

118 1842 143 1884 ιι
161 1822 213 1889 ὅτι
249 1822 486 1910 συνεχάρησαν
513 1819 687 1918 Ἀθηναῖοι
718 1825 994 1910 Λακεδαιμονίοις
1025 1827 1115 1920 τείχη
1146 1843 1264 1894 τεειοε

161 1933 318 1996 καθελεῖν
349 1937 407 2014 τῆς
438 1930 565 2008 πόλεως
587 1927 708 2002 ἀὐτῶν
739 1931 795 1996 ’καί
812 1940 907 2010 ,ναῦς
934 1931 1101 2015 διατεμεῖν
1127 1931 1183 1997 καί
1315 1979 1316 1998 1

162 2038 317 2123 φρουρὰν
348 2037 396 2114 είς
427 2040 489 2124 τὴν
516 2036 698 2124 ἀκρόπολιν
725 2039 914 2124 εἰσαγαγεῖν
940 2039 996 2106 καλ
1020 2033 1109 2128 ’ἀντί’
1125 2049 1184 2124 τῆς
1315 2071 1316 2074 “

160 2145 302 2229 πατρίου
326 2143 546 2230 δημοκρατίας
570 2143 765 2230 ὀλιγαρχίαν
785 2155 853 2210 τῶν
870 2156 994 2212 κοινῶν
1013 2144 1184 2224 ἀποδεῖξαι

160 2252 281 2338 κυρίαν
300 2250 381 2317 οὐδὲ
402 2251 486 2338 πρὸς
508 2251 632 2330 αὐτοὺς
654 2251 768 2336 ἀγῶνα
791 2249 964 2340 ἀράμενοι,
987 2249 1059 2318 ἀλλ’
1077 2252 1183 2330 εὐθὺς

117 2380 143 2420 ιο
161 2355 290 2435 ἀξιοῦσι
325 2358 381 2426 καί
416 2361 505 2438 τίνες
539 2355 626 2446 ἦσαν
662 2361 698 2425 αἱ
732 2367 955 2446 κατασχοῦσαι
991 2360 1053 2446 τὴν
1084 2363 1183 2426 πόλιν

163 2462 317 2548 ἀνάγκαι,
346 2460 390 2529 δι’
408 2463 447 2542 ἃς
473 2474 577 2531 ταῦτα
603 2467 644 2531 τὰ
667 2467 762 2532 δεινὰ
784 2467 840 2533 καλ
862 2465 995 2552 σχέτλια
1017 2465 1183 2552 ὑπέμεινε,

161 2571 216 2636 καλ
247 2572 336 2648 τίνες
365 2571 398 2636 ol
426 2573 599 2650 πείσαντες
628 2572 751 2651 αὐτοὺς
779 2576 874 2658 λόγοι
902 2575 958 2640 καῖ
986 2571 1053 2640 ὑπὸ
1080 2576 1183 2642 τίνων

162 2675 322 2764 ῥηθέντες
354 2676 488 2763 ἀνδρῶν
509 2679 565 2744 καλ
596 2678 718 2764 πάντα,
751 2679 813 2746 ὅσα
837 2686 1088 2768 παρακολουθεῖ
1113 2691 1183 2760 τοῖς

122 2783 345 2872 4πράγμασι,
374 2783 585 2870 διδαχθῆναι.
634 2795 705 2863 τοῖς
734 2785 772 2852 δὲ
798 2792 980 2866 πολιτικοῖς
1008 2785 1182 2875 ἀνδράσιν,

118 2911 144 2952 ει
162 2889 200 2958 έν
227 2881 277 2970 οἷς
308 2887 411 2976 ἔγωγε
440 2893 575 2974 τίθεμαι
603 2892 659 2958 καί
686 2895 764 2972 τοὺς
786 2897 1009 2982 φιλοσόφους,
1042 2896 1116 2962 ὅσοι
1138 2897 1182 2982 μὴ

163 2999 283 3084 λόγων,
306 2995 378 3064 ἀλλ’
396 2994 503 3084 ἔργων
525 3003 638 3065 καλῶν
660 3001 800 3088 ἄσκησιν
821 3003 982 3088 ἡγοῦνται
1004 3003 1066 3088 τὴν
1088 2995 1183 3088 φιλοὲ

234 3174 354 3228 θαάτολ
378 3174 429 3229 σὺν
467 3175 564 3238 αὐτοῖς
588 3175 691 3231 Reiske
764 3175 946 3234 θέπετέλεσα
963 3177 990 3232 V
1063 3184 1096 3232 12
1120 3174 1182 3232 οἷον

163 3243 256 3312 δρῶσα
275 3261 297 3300 ο.
312 3244 408 3300 Nabar
471 3263 523 3301 em.
540 3252 646 3314 ambe
704 3253 737 3303 16
757 3249 909 3321 διατεμεῖν]
929 3248 1068 3320 ἀποτεμεῖν
1086 3248 1183 3304 Naber

162 3315 214 3370 1.1.
287 3321 321 3370 19
343 3319 409 3385 post
431 3315 533 3386 κυρίαν
556 3318 671 3374 Reiskio
692 3319 778 3375 verba
804 3318 863 3374 οὔτ’
885 3318 1076 3387 ἀντιλέξαντες
1098 3320 1182 3376 οὐδέν

163 3385 258 3442 deesse
276 3387 407 3443 videntur
431 3390 434 3460 λ
460 3388 534 3461 τότε]
559 3389 624 3444 οὐδὲ
643 3391 665 3444 L
689 3391 764 3461 quod
787 3391 893 3461 recepi,
913 3392 1071 3446 cumidem
1088 3392 1183 3448 valeat
1315 3439 1316 3444 ,

163 3459 248 3527 atque
268 3459 343 3527 apud
362 3476 425 3514 nos:
444 3460 524 3515 nieht
542 3461 647 3516 einmal
719 3468 753 3517 25
773 3461 803 3516 έν
822 3479 876 3518 om.
891 3463 948 3517 LM
