2668 3922
164 199 230 266 228
582 198 765 250 -ΙΒ-

164 325 299 403 ἀνίατος
339 324 387 401 εἰς
427 325 562 409 ζήτησιν
601 322 726 399 αύτούς
764 324 868 406 ἤγαγε
909 331 979 386 τῶν
1018 329 1184 405 χρησμῶν.
1212 350 1217 363 ·
1319 307 1320 332 ³

124 431 351 517 λίκόσμησύν
367 452 404 496 τε
427 431 600 515 στρωμνὰς
621 438 721 514 τρεῖς,
743 429 789 507 δις
805 427 961 495 ἐκέλευον
978 427 1012 492 οί
1033 428 1186 513 χρησμοί,

160 542 244 624 μίαν
261 539 323 622 μὲν
342 523 527 604 Ἀπόλλωνι
548 537 604 602 καί
621 540 738 621 Λητοῖ,
760 533 877 621 ἑτέραν
895 535 934 600 δὲ
951 533 1109 620 Ἡρακλεῖ
1129 533 1186 598 καί
1205 549 1209 554 “
1319 563 1320 566 “

160 643 340 732 Ἀρτέμιδι,
366 646 484 731 τρίτην
506 643 545 708 δί
562 641 667 730 Ἐρμῇ
689 644 745 710 καί
768 643 971 709 Ποσειδῶνι·
1000 641 1057 708 καί
1083 639 1186 706 διετέ-

133 758 248 820 ιλουν
279 751 333 838 ἐφ’
357 751 482 839 ἡμέρας
512 749 595 817 ἑπτὰ
626 751 770 839 δημοσίφ
801 774 837 816 τε
870 749 1097 825 καταθύοντες
1129 747 1186 812 καί

165 861 236 950 ἰδία
256 856 328 928 κατ’
346 860 474 926 οἰκείαν
496 857 642 941 δύναμιν
664 858 808 936 ἅπαντες
829 867 900 935 τοῖς
921 863 1017 933 θεοῖς
1041 854 1185 941 ἀπαρχό

162 990 275 1052 μενοι,
318 965 480 1044 ἑστιάσεις
515 987 551 1030 τε
587 964 817 1051 λαμπροτάτας
859 963 1088 1039 ἐπιτελοῦντες
1130 962 1186 1027 καί

123 1072 270 1153 δξίνων
291 1077 371 1152 τοὺς
393 1073 705 1160 παρεπιδημοῦντας
726 1071 976 1156 ὑποδεχόμενοι.
1013 1067 1086 1157 (10)
1105 1070 1186 1134 Πεί-

164 1196 234 1247 σων
252 1181 290 1247 δὲ
313 1180 332 1248 ό
354 1165 522 1265 τιμητικὸς
544 1177 583 1246 ίν
599 1189 672 1258 ταῖς
694 1177 877 1256 ἐνιαυσίοις
899 1177 1110 1262 ἀναγραφαῖς
1130 1175 1186 1241 καί

120 1311 146 1352 ιο
163 1285 257 1355 ταῦτ’
275 1285 324 1354 ότι
350 1289 590 1374 προστίθησιν·
618 1286 670 1352 ότι
697 1285 888 1369 λελυμένων
910 1285 973 1368 μὲν
994 1293 1063 1350 τῶν
1084 1289 1187 1368 θερα-

163 1397 298 1462 πόντων
325 1395 427 1473 ὅσους
453 1395 618 1480 πρότερον
645 1391 683 1458 ἐν
709 1402 780 1470 τοῖς
807 1394 941 1475 δεσμοῖς
964 1385 1056 1476 εἰχον
1077 1391 1112 1455 οἰ
1133 1389 1187 1454 δε-

164 1487 299 1586 σπόται,
328 1501 548 1586 πληθυούσης
575 1501 677 1586 ὄχλου
705 1497 837 1579 ξενικοῦ
858 1508 917 1583 τῆς
938 1499 1079 1580 πόλεως,
1106 1493 1187 1563 ἀνα-

164 1607 382 1692 πεπταμένων
413 1618 481 1674 τῶν
506 1609 629 1677 Δοἰιιιων
661 1608 717 1674 διὰ
747 1605 871 1692 ἡμέρας
901 1628 938 1670 τε
968 1605 1025 1670 καί
1055 1604 1187 1687 νυκτός,

155 1716 220 1781 ’καί
249 1716 326 1800 δίχα
354 1715 532 1792 κωλύσεως
559 1701 734 1780 εἰσιόντων
763 1715 812 1792 εἰς
840 1712 942 1790 αύτδς
969 1722 1039 1779 τῶν
1067 1713 1188 1794 βουλο-

121 1843 145 1885 ιι
164 1821 286 1906 μένων,
312 1822 390 1887 ούτε
416 1830 525 1907 χρῆμα
551 1821 654 1886 οὐδὲν
681 1816 926 1886 ἀπολωλεκέναι
952 1841 1003 1896 τις
1028 1814 1187 1908 ᾐτιάσατο

163 1929 243 2010 ούτε
263 1928 450 2014 ἠδικῆσθαί
464 1951 540 1994 τινα
561 1927 620 1993 ὑπ’
637 1927 786 2011 οὐδενός,
808 1929 917 1992 καίτοι
939 1926 1046 1991 πολλὰ
1069 1923 1187 2009 φέρειν

165 2037 337 2102 εἰωθότων
362 2040 534 2121 πλημμελῆ
562 2035 619 2102 καί
644 2034 821 2120 παράνομα
842 2044 910 2099 τῶν
932 2031 1094 2119 ίορταίων
1115 2052 1187 2096 και-
1319 2059 1320 2072 ¹

165 2153 235 2228 ρῶν
257 2143 314 2208 διδ
337 2143 394 2220 τάς
416 2142 530 2226 μέθας.
576 2142 686 2208 Ακιδν.

235 2249 274 2316 Χ.
298 2246 372 2336 (11)
394 2251 619 2326 Οὐιεντανοὺς
636 2247 907 2333 πολιορκούντων
921 2243 1088 2328 Ῥωμαίων
1109 2243 1187 2329 περί

120 2377 147 2417 ιο
164 2357 226 2440 τὴν
253 2354 410 2441 ἐπιτολὴν
436 2365 497 2422 τοῦ
518 2358 641 2440 κυνός,
669 2355 725 2424 ότε
751 2352 892 2436 μάλιστα
920 2355 1032 2435 λίμναι
1058 2373 1094 2416 τε
1116 2349 1186 2416 ἐπι-

165 2464 319 2528 λείπουσι
347 2462 403 2527 καί
431 2464 576 2546 ποταμοί
601 2452 737 2544 πάντες,
767 2460 785 2526 δ
814 2452 847 2525 τι
875 2461 920 2544 μὴ
949 2461 1052 2542 μόνος
1078 2457 1097 2524 δ
1124 2458 1187 2523 Αἰ-

165 2568 304 2652 γύπτιος
329 2572 468 2653 Νεῖλος,
499 2571 598 2653 λίμνη
618 2591 676 2646 τις
709 2565 879 2652 ἀπέχουσα
911 2577 968 2651 τῆς
995 2563 1118 2649 Ῥώμης
1144 2563 1186 2629 οὐ

166 2683 261 2758 μεῖον
281 2673 334 2759 ρκ’
348 2675 494 2740 σταδίων
514 2673 551 2740 δν
569 2685 639 2753 τοῖς
657 2672 831 2757 Ἀλβανοῖς
848 2671 1066 2755 καλουμένοις
1083 2671 1186 2758 δρεσι,

166 2772 285 2872 παρήἷ
306 2781 344 2846 τὸ
368 2778 545 2866 ἀρχαῖουὴ
568 2792 637 2848 τῶν
651 2779 818 2864 Ῥωμαίων
830 2781 1037 2866 μητρόπολις
1060 2777 1186 2866 ᾠκεῖτο,

122 2887 243 2954 ιιόύτε
266 2886 585 2972 ύετῶνιγευομίνων
608 2889 685 2953 ούτε
707 2899 855 2972 νιφετῶν
878 2887 950 2952 ούτ’
967 2887 1068 2969 ύλλης
1095 2885 1187 2960 τινὸς

166 2983 273 3072 αἰτίας
300 2993 495 3081 ἀνθρώποις
522 3003 684 3081 φανεροῖς,
713 2994 879 3079 τοσαύτην
909 2990 1028 3076 ἔλαβεν
1055 2990 1091 3058 ίκ
1118 3001 1187 3065 τῶν

166 3099 204 3166 ίν
236 3101 320 3188 αὐτῇ
357 3101 512 3185 ναμάτων
543 3100 706 3185 ἐπίδοσιν,
745 3101 829 3166 ὥστε
864 3100 992 3185 πολλὴν
1023 3099 1084 3182 μὲν
1116 3097 1186 3164 ἐπι-

238 3245 255 3294 δ
273 3240 466 3302 καταθύοντες
479 3239 585 3309 Ambr.‚
604 3257 689 3312 quam
707 3256 804 3295 vocem
823 3241 920 3308 aptam
938 3254 995 3293 non
1011 3254 1071 3292 esse
1086 3236 1186 3292 Βίτωνι
1319 3239 1320 3284 ἒ

166 3311 263 3366 censet
335 3317 367 3365 12
385 3312 568 3382 πληθυούσης
591 3313 621 3367 δ’
636 3329 659 3368 ο.
678 3311 821 3380 Kiessling
894 3315 927 3364 13
950 3308 1000 3364 διὰ
1021 3305 1126 3380 ἡμέρας
1149 3307 1185 3378 cf.

162 3381 276 3450 *Jacoby
291 3382 356 3436 Aur.
371 3382 466 3452 Progr.
485 3389 539 3451 pfl
607 3389 639 3438 17
658 3382 800 3452 ἑορτάδων
817 3380 912 3435 Ambr.
932 3378 1067 3449 ἑορταίων
1086 3380 1187 3435 Struve

168 3454 202 3508 cf.
218 3451 347 3508 (ἰδιιείεε
364 3453 552 3510 Animadvss
571 3459 605 3509 30
678 3461 712 3512 22
730 3454 764 3508 οῖ
782 3455 879 3514 πλεῖον
898 3469 922 3507 ο.
937 3451 1036 3506 struve
