<?xml version="1.0" encoding="UTF-8"?>
<!DOCTYPE html PUBLIC "-//W3C//DTD XHTML 1.0 Transitional//EN"
    "http://www.w3.org/TR/xhtml1/DTD/xhtml1-transitional.dtd">
<html xmlns="http://www.w3.org/1999/xhtml" xml:lang="en" lang="en">
 <head>
  <title>
</title>
<meta http-equiv="Content-Type" content="text/html;charset=utf-8" />
  <meta name='ocr-system' content='tesseract 3.04.00' />
  <meta name='ocr-capabilities' content='ocr_page ocr_carea ocr_par ocr_line ocrx_word'/>
</head>
<body>
  <div class='ocr_page' id='page_1' title='image "./dionysihalicarn06diongoog_0011.png"; bbox 0 0 2662 3920; ppageno 0'>
   <div class='ocr_carea' id='block_1_1' title="bbox 535 197 1152 254">
    <p class='ocr_par' dir='ltr' id='par_1_1' title="bbox 535 197 1152 254">
     <span class='ocr_line' id='line_1_1' title="bbox 535 197 1152 254; baseline 0 0"><span class='ocrx_word' id='word_1_1' title='bbox 535 199 750 254; x_wconf 77' lang='lat' dir='ltr'><strong>PRAEFATIO.</strong></span> <span class='ocrx_word' id='word_1_2' title='bbox 1099 197 1152 254; x_wconf 86' lang='lat' dir='ltr'>VII</span> 
     </span>
    </p>
   </div>
   <div class='ocr_carea' id='block_1_2' title="bbox 95 333 1152 1308">
    <p class='ocr_par' dir='ltr' id='par_1_2' title="bbox 95 333 1152 1308">
     <span class='ocr_line' id='line_1_2' title="bbox 95 333 1151 412; baseline -0.001 -18"><span class='ocrx_word' id='word_1_3' title='bbox 95 376 96 379; x_wconf 17' lang='grc' dir='ltr'>η</span> <span class='ocrx_word' id='word_1_4' title='bbox 202 336 291 394; x_wconf 90' lang='lat' dir='ltr'>Nunc</span> <span class='ocrx_word' id='word_1_5' title='bbox 313 353 410 411; x_wconf 89' lang='lat' dir='ltr'>pauca</span> <span class='ocrx_word' id='word_1_6' title='bbox 432 333 523 394; x_wconf 88' lang='lat' dir='ltr'>verba</span> <span class='ocrx_word' id='word_1_7' title='bbox 545 333 582 392; x_wconf 92' lang='lat' dir='ltr'>de</span> <span class='ocrx_word' id='word_1_8' title='bbox 605 333 757 394; x_wconf 78' lang='lat' dir='ltr'>codicibus</span> <span class='ocrx_word' id='word_1_9' title='bbox 784 334 912 393; x_wconf 88' lang='lat' dir='ltr'>faciam·</span> <span class='ocrx_word' id='word_1_10' title='bbox 954 333 999 393; x_wconf 86' lang='lat' dir='ltr'>Ac</span> <span class='ocrx_word' id='word_1_11' title='bbox 1021 335 1151 412; x_wconf 90' lang='lat' dir='ltr'>primum</span> 
     </span>
     <span class='ocr_line' id='line_1_3' title="bbox 131 431 1151 512; baseline -0.002 -18"><span class='ocrx_word' id='word_1_12' title='bbox 131 434 252 512; x_wconf 86' lang='lat' dir='ltr'>quidem</span> <span class='ocrx_word' id='word_1_13' title='bbox 270 432 346 492; x_wconf 91' lang='lat' dir='ltr'>liber</span> <span class='ocrx_word' id='word_1_14' title='bbox 360 433 396 510; x_wconf 85' lang='lat' dir='ltr'>X,</span> <span class='ocrx_word' id='word_1_15' title='bbox 409 452 477 493; x_wconf 92' lang='lat' dir='ltr'>cum</span> <span class='ocrx_word' id='word_1_16' title='bbox 490 432 582 492; x_wconf 90' lang='lat' dir='ltr'>libros</span> <span class='ocrx_word' id='word_1_17' title='bbox 596 431 724 508; x_wconf 84' lang='lat' dir='ltr'>Dionysi</span> <span class='ocrx_word' id='word_1_18' title='bbox 737 431 995 492; x_wconf 86' lang='lat' dir='ltr'>Halicarnasensis</span> <span class='ocrx_word' id='word_1_19' title='bbox 1010 431 1151 510; x_wconf 82' lang='lat' dir='ltr'>Antiqui·</span> 
     </span>
     <span class='ocr_line' id='line_1_4' title="bbox 130 529 1152 609; baseline -0.002 -17"><span class='ocrx_word' id='word_1_20' title='bbox 130 534 229 592; x_wconf 89' lang='lat' dir='ltr'>tatum</span> <span class='ocrx_word' id='word_1_21' title='bbox 241 533 445 592; x_wconf 83' lang='lat' dir='ltr'>Romanarum</span> <span class='ocrx_word' id='word_1_22' title='bbox 459 552 512 609; x_wconf 90' lang='lat' dir='ltr'>per</span> <span class='ocrx_word' id='word_1_23' title='bbox 525 529 671 608; x_wconf 90' lang='lat' dir='ltr'>pentadas</span> <span class='ocrx_word' id='word_1_24' title='bbox 686 530 812 590; x_wconf 80' lang='lat' dir='ltr'>describi</span> <span class='ocrx_word' id='word_1_25' title='bbox 830 531 936 590; x_wconf 86' lang='lat' dir='ltr'>solitos</span> <span class='ocrx_word' id='word_1_26' title='bbox 950 550 1013 591; x_wconf 84' lang='lat' dir='ltr'>csse</span> <span class='ocrx_word' id='word_1_27' title='bbox 1028 533 1152 608; x_wconf 89' lang='lat' dir='ltr'>constet,</span> 
     </span>
     <span class='ocr_line' id='line_1_5' title="bbox 130 628 1151 708; baseline 0.001 -18"><span class='ocrx_word' id='word_1_28' title='bbox 130 633 162 690; x_wconf 90' lang='lat' dir='ltr'>in</span> <span class='ocrx_word' id='word_1_29' title='bbox 177 631 288 692; x_wconf 87' lang='lat' dir='ltr'>eisdem</span> <span class='ocrx_word' id='word_1_30' title='bbox 298 631 448 692; x_wconf 88' lang='lat' dir='ltr'>codicibus</span> <span class='ocrx_word' id='word_1_31' title='bbox 462 632 542 690; x_wconf 90' lang='lat' dir='ltr'>inest</span> <span class='ocrx_word' id='word_1_32' title='bbox 555 649 590 689; x_wconf 90' lang='lat' dir='ltr'>ac</span> <span class='ocrx_word' id='word_1_33' title='bbox 603 647 711 689; x_wconf 84' lang='lat' dir='ltr'>novem</span> <span class='ocrx_word' id='word_1_34' title='bbox 724 628 816 706; x_wconf 91' lang='lat' dir='ltr'>primi</span> <span class='ocrx_word' id='word_1_35' title='bbox 828 629 900 689; x_wconf 90' lang='lat' dir='ltr'>libri</span> <span class='ocrx_word' id='word_1_36' title='bbox 909 628 1151 708; x_wconf 63' lang='lat' dir='ltr'>Antiquitatum</span> 
     </span>
     <span class='ocr_line' id='line_1_6' title="bbox 131 722 1152 812; baseline -0.001 -22"><span class='ocrx_word' id='word_1_37' title='bbox 131 731 167 790; x_wconf 87' lang='lat' dir='ltr'>cf.</span> <span class='ocrx_word' id='word_1_38' title='bbox 186 729 279 791; x_wconf 81' lang='lat' dir='ltr'>roll</span> <span class='ocrx_word' id='word_1_39' title='bbox 301 751 330 806; x_wconf 90' lang='lat' dir='ltr'>p.</span> <span class='ocrx_word' id='word_1_40' title='bbox 348 729 421 806; x_wconf 82' lang='lat' dir='ltr'>VlI3</span> <span class='ocrx_word' id='word_1_41' title='bbox 456 728 588 789; x_wconf 84' lang='lat' dir='ltr'>codicem</span> <span class='ocrx_word' id='word_1_42' title='bbox 617 729 719 788; x_wconf 88' lang='lat' dir='ltr'>autem</span> <span class='ocrx_word' id='word_1_43' title='bbox 745 727 923 788; x_wconf 88' lang='lat' dir='ltr'>Urbinatem</span> <span class='ocrx_word' id='word_1_44' title='bbox 953 730 1015 790; x_wconf 88' lang='lat'>105</span> <span class='ocrx_word' id='word_1_45' title='bbox 1047 722 1103 812; x_wconf 85' lang='grc' dir='ltr'>(Β)</span> <span class='ocrx_word' id='word_1_46' title='bbox 1133 749 1152 789; x_wconf 85' lang='lat' dir='ltr'>a</span> 
     </span>
     <span class='ocr_line' id='line_1_7' title="bbox 131 826 1152 906; baseline 0 -18"><span class='ocrx_word' id='word_1_47' title='bbox 131 827 166 888; x_wconf 86' lang='lat' dir='ltr'>G.</span> <span class='ocrx_word' id='word_1_48' title='bbox 184 827 362 905; x_wconf 84' lang='lat' dir='ltr'>Heylbutio‚</span> <span class='ocrx_word' id='word_1_49' title='bbox 389 827 455 889; x_wconf 78' lang='lat' dir='ltr'>viro</span> <span class='ocrx_word' id='word_1_50' title='bbox 484 827 664 896; x_wconf 88' lang='lat' dir='ltr'>clarissimo,</span> <span class='ocrx_word' id='word_1_51' title='bbox 693 845 809 886; x_wconf 90' lang='lat' dir='ltr'>summa</span> <span class='ocrx_word' id='word_1_52' title='bbox 837 847 904 887; x_wconf 90' lang='lat' dir='ltr'>cum</span> <span class='ocrx_word' id='word_1_53' title='bbox 933 826 1090 906; x_wconf 76' lang='lat' dir='ltr'>diligentia</span> <span class='ocrx_word' id='word_1_54' title='bbox 1117 847 1152 888; x_wconf 87' lang='lat' dir='ltr'>ac</span> 
     </span>
     <span class='ocr_line' id='line_1_8' title="bbox 132 924 1152 1005; baseline -0.002 -19"><span class='ocrx_word' id='word_1_55' title='bbox 132 927 298 1005; x_wconf 83' lang='lat' dir='ltr'>sagacitate</span> <span class='ocrx_word' id='word_1_56' title='bbox 336 926 433 998; x_wconf 85' lang='lat' dir='ltr'>denuc</span> <span class='ocrx_word' id='word_1_57' title='bbox 466 927 609 986; x_wconf 85' lang='lat' dir='ltr'>collatum</span> <span class='ocrx_word' id='word_1_58' title='bbox 642 943 705 984; x_wconf 87' lang='lat' dir='ltr'>esse</span> <span class='ocrx_word' id='word_1_59' title='bbox 737 924 769 984; x_wconf 89' lang='lat' dir='ltr'>in</span> <span class='ocrx_word' id='word_1_60' title='bbox 801 926 987 1002; x_wconf 70' lang='lat' dir='ltr'>praefatione</span> <span class='ocrx_word' id='word_1_61' title='bbox 1018 927 1077 987; x_wconf 91' lang='lat' dir='ltr'>vol.</span> <span class='ocrx_word' id='word_1_62' title='bbox 1104 925 1152 984; x_wconf 90' lang='lat' dir='ltr'>III</span> 
     </span>
     <span class='ocr_line' id='line_1_9' title="bbox 132 1021 1151 1101; baseline 0 -17"><span class='ocrx_word' id='word_1_63' title='bbox 132 1027 370 1086; x_wconf 86' lang='lat' dir='ltr'>commemoravi.</span> <span class='ocrx_word' id='word_1_64' title='bbox 390 1057 433 1066; x_wconf 89' lang='lat'>—</span> <span class='ocrx_word' id='word_1_65' title='bbox 458 1023 581 1085; x_wconf 76' lang='lat' dir='ltr'>Codices</span> <span class='ocrx_word' id='word_1_66' title='bbox 600 1022 706 1084; x_wconf 88' lang='lat' dir='ltr'>deinde</span> <span class='ocrx_word' id='word_1_67' title='bbox 725 1023 795 1082; x_wconf 88' lang='lat' dir='ltr'>libri</span> <span class='ocrx_word' id='word_1_68' title='bbox 813 1021 963 1083; x_wconf 86' lang='lat' dir='ltr'>undecimi</span> <span class='ocrx_word' id='word_1_69' title='bbox 982 1025 1034 1101; x_wconf 92' lang='lat' dir='ltr'>qui</span> <span class='ocrx_word' id='word_1_70' title='bbox 1052 1023 1151 1084; x_wconf 85' lang='lat' dir='ltr'>Kiess·</span> 
     </span>
     <span class='ocr_line' id='line_1_10' title="bbox 130 1120 1152 1202; baseline 0 -20"><span class='ocrx_word' id='word_1_71' title='bbox 130 1122 225 1202; x_wconf 89' lang='lat' dir='ltr'>lingio</span> <span class='ocrx_word' id='word_1_72' title='bbox 248 1126 366 1201; x_wconf 89' lang='lat' dir='ltr'>praesto</span> <span class='ocrx_word' id='word_1_73' title='bbox 389 1123 515 1199; x_wconf 88' lang='lat' dir='ltr'>fuerint,</span> <span class='ocrx_word' id='word_1_74' title='bbox 542 1122 662 1199; x_wconf 91' lang='lat' dir='ltr'>ipsein</span> <span class='ocrx_word' id='word_1_75' title='bbox 684 1123 767 1182; x_wconf 90' lang='lat' dir='ltr'>tomo</span> <span class='ocrx_word' id='word_1_76' title='bbox 790 1120 835 1180; x_wconf 92' lang='lat' dir='ltr'>IV</span> <span class='ocrx_word' id='word_1_77' title='bbox 853 1143 882 1198; x_wconf 90' lang='lat' dir='ltr'>p.</span> <span class='ocrx_word' id='word_1_78' title='bbox 900 1122 959 1182; x_wconf 93' lang='lat' dir='ltr'>XII</span> <span class='ocrx_word' id='word_1_79' title='bbox 980 1142 1034 1184; x_wconf 91' lang='lat' dir='ltr'>nos</span> <span class='ocrx_word' id='word_1_80' title='bbox 1058 1121 1152 1199; x_wconf 90' lang='lat' dir='ltr'>docet,</span> 
     </span>
     <span class='ocr_line' id='line_1_11' title="bbox 132 1221 742 1308; baseline -0.005 -26"><span class='ocrx_word' id='word_1_81' title='bbox 132 1222 216 1308; x_wconf 87' lang='lat' dir='ltr'>cuius</span> <span class='ocrx_word' id='word_1_82' title='bbox 239 1221 331 1283; x_wconf 84' lang='lat' dir='ltr'>verba</span> <span class='ocrx_word' id='word_1_83' title='bbox 355 1221 519 1282; x_wconf 88' lang='lat' dir='ltr'>describere</span> <span class='ocrx_word' id='word_1_84' title='bbox 541 1221 616 1280; x_wconf 87' lang='lat' dir='ltr'>mihi</span> <span class='ocrx_word' id='word_1_85' title='bbox 638 1221 742 1280; x_wconf 87' lang='lat' dir='ltr'>liceat:</span> 
     </span>
    </p>
   </div>
   <div class='ocr_carea' id='block_1_3' title="bbox 203 1346 960 1416">
    <p class='ocr_par' dir='ltr' id='par_1_3' title="bbox 203 1346 960 1416">
     <span class='ocr_line' id='line_1_12' title="bbox 203 1346 960 1416; baseline -0.003 -12"><span class='ocrx_word' id='word_1_86' title='bbox 203 1349 365 1404; x_wconf 77' lang='lat' dir='ltr'>‘Undecimi</span> <span class='ocrx_word' id='word_1_87' title='bbox 384 1347 451 1403; x_wconf 86' lang='lat' dir='ltr'>libri</span> <span class='ocrx_word' id='word_1_88' title='bbox 469 1347 579 1402; x_wconf 89' lang='lat' dir='ltr'>codices</span> <span class='ocrx_word' id='word_1_89' title='bbox 598 1347 669 1402; x_wconf 88' lang='lat' dir='ltr'>mihi</span> <span class='ocrx_word' id='word_1_90' title='bbox 687 1348 800 1416; x_wconf 88' lang='lat' dir='ltr'>praesto</span> <span class='ocrx_word' id='word_1_91' title='bbox 819 1348 900 1401; x_wconf 87' lang='lat' dir='ltr'>erant</span> <span class='ocrx_word' id='word_1_92' title='bbox 917 1346 960 1402; x_wconf 89' lang='lat' dir='ltr'>hi:</span> 
     </span>
    </p>
   </div>
   <div class='ocr_carea' id='block_1_4' title="bbox 281 1444 1057 1742">
    <p class='ocr_par' dir='ltr' id='par_1_4' title="bbox 292 1444 1057 1582">
     <span class='ocr_line' id='line_1_13' title="bbox 292 1444 1057 1503; baseline -0.004 0"><span class='ocrx_word' id='word_1_93' title='bbox 292 1450 318 1503; x_wconf 88' lang='lat' dir='ltr'><strong><em>L</em></strong></span> <span class='ocrx_word' id='word_1_94' title='bbox 332 1445 578 1502; x_wconf 80' lang='lat' dir='ltr'>:Laurentianus</span> <span class='ocrx_word' id='word_1_95' title='bbox 593 1444 666 1500; x_wconf 92' lang='lat' dir='ltr'>Plut.</span> <span class='ocrx_word' id='word_1_96' title='bbox 682 1445 755 1500; x_wconf 86' lang='lat' dir='ltr'>LXX</span> <span class='ocrx_word' id='word_1_97' title='bbox 769 1451 786 1500; x_wconf 79' lang='lat' dir='ltr'>t</span> <span class='ocrx_word' id='word_1_98' title='bbox 806 1446 894 1502; x_wconf 89' lang='lat' dir='ltr'>chart.</span> <span class='ocrx_word' id='word_1_99' title='bbox 910 1461 981 1500; x_wconf 89' lang='lat' dir='ltr'>saec.</span> <span class='ocrx_word' id='word_1_100' title='bbox 998 1445 1057 1501; x_wconf 87' lang='lat' dir='ltr'>XV.</span> 
     </span>
     <span class='ocr_line' id='line_1_14' title="bbox 294 1525 869 1582; baseline -0.003 0"><span class='ocrx_word' id='word_1_101' title='bbox 294 1529 320 1582; x_wconf 91' lang='lat' dir='ltr'><strong><em>V</em></strong></span> <span class='ocrx_word' id='word_1_102' title='bbox 331 1553 359 1572; x_wconf 90' lang='lat'>=</span> <span class='ocrx_word' id='word_1_103' title='bbox 375 1525 527 1580; x_wconf 77' lang='lat' dir='ltr'>Vaticanus</span> <span class='ocrx_word' id='word_1_104' title='bbox 548 1531 599 1580; x_wconf 80' lang='lat' dir='ltr'>las</span> <span class='ocrx_word' id='word_1_105' title='bbox 619 1527 707 1581; x_wconf 88' lang='lat' dir='ltr'>chart.</span> <span class='ocrx_word' id='word_1_106' title='bbox 723 1543 795 1582; x_wconf 83' lang='lat' dir='ltr'>saec.</span> <span class='ocrx_word' id='word_1_107' title='bbox 810 1527 869 1581; x_wconf 87' lang='lat' dir='ltr'>XV.</span> 
     </span>
    </p>

    <p class='ocr_par' dir='ltr' id='par_1_5' title="bbox 281 1604 1030 1742">
     <span class='ocr_line' id='line_1_15' title="bbox 281 1604 1030 1676; baseline 0.003 -16"><span class='ocrx_word' id='word_1_108' title='bbox 281 1608 318 1660; x_wconf 88' lang='lat' dir='ltr'><strong><em>M</em></strong></span> <span class='ocrx_word' id='word_1_109' title='bbox 329 1604 571 1662; x_wconf 77' lang='lat' dir='ltr'>:Ambrosianus</span> <span class='ocrx_word' id='word_1_110' title='bbox 590 1607 615 1660; x_wconf 88' lang='lat' dir='ltr'>A</span> <span class='ocrx_word' id='word_1_111' title='bbox 635 1613 686 1662; x_wconf 83' lang='lat' dir='ltr'>1os</span> <span class='ocrx_word' id='word_1_112' title='bbox 706 1624 767 1676; x_wconf 89' lang='lat' dir='ltr'>sup.</span> <span class='ocrx_word' id='word_1_113' title='bbox 783 1607 869 1662; x_wconf 84' lang='lat' dir='ltr'>chart.</span> <span class='ocrx_word' id='word_1_114' title='bbox 885 1624 956 1662; x_wconf 87' lang='lat' dir='ltr'>saec.</span> <span class='ocrx_word' id='word_1_115' title='bbox 972 1607 1030 1662; x_wconf 89' lang='lat' dir='ltr'>XV.</span> 
     </span>
     <span class='ocr_line' id='line_1_16' title="bbox 294 1685 535 1742; baseline -0.004 0"><span class='ocrx_word' id='word_1_116' title='bbox 294 1687 318 1742; x_wconf 82' lang='lat'><em>0</em></span> <span class='ocrx_word' id='word_1_117' title='bbox 329 1713 356 1732; x_wconf 88' lang='lat'>=</span> <span class='ocrx_word' id='word_1_118' title='bbox 370 1685 535 1741; x_wconf 84' lang='lat' dir='ltr'>Coislianus.</span> 
     </span>
    </p>
   </div>
   <div class='ocr_carea' id='block_1_5' title="bbox 56 1809 1153 3071">
    <p class='ocr_par' dir='ltr' id='par_1_6' title="bbox 56 1809 1153 3071">
     <span class='ocr_line' id='line_1_17' title="bbox 203 1809 1152 1889; baseline 0.002 -19"><span class='ocrx_word' id='word_1_119' title='bbox 203 1811 248 1870; x_wconf 81' lang='lat' dir='ltr'>Ex</span> <span class='ocrx_word' id='word_1_120' title='bbox 275 1810 322 1870; x_wconf 89' lang='lat' dir='ltr'>his</span> <span class='ocrx_word' id='word_1_121' title='bbox 349 1809 434 1871; x_wconf 88' lang='lat' dir='ltr'>libris</span> <span class='ocrx_word' id='word_1_122' title='bbox 461 1811 519 1870; x_wconf 89' lang='lat' dir='ltr'>fide</span> <span class='ocrx_word' id='word_1_123' title='bbox 547 1814 578 1871; x_wconf 89' lang='lat' dir='ltr'>et</span> <span class='ocrx_word' id='word_1_124' title='bbox 604 1812 738 1872; x_wconf 89' lang='lat' dir='ltr'>bonitate</span> <span class='ocrx_word' id='word_1_125' title='bbox 762 1814 897 1889; x_wconf 86' lang='lat' dir='ltr'>praestat</span> <span class='ocrx_word' id='word_1_126' title='bbox 921 1812 1152 1888; x_wconf 85' lang='lat' dir='ltr'>Laurentianus,</span> 
     </span>
     <span class='ocr_line' id='line_1_18' title="bbox 56 1908 1151 1988; baseline 0.003 -20"><span class='ocrx_word' id='word_1_127' title='bbox 56 1955 57 1958; x_wconf 63' lang='lat'>,</span> <span class='ocrx_word' id='word_1_128' title='bbox 132 1912 251 1986; x_wconf 89' lang='lat' dir='ltr'>praeter</span> <span class='ocrx_word' id='word_1_129' title='bbox 287 1908 428 1986; x_wconf 85' lang='lat' dir='ltr'>Dionysii</span> <span class='ocrx_word' id='word_1_130' title='bbox 464 1910 575 1970; x_wconf 90' lang='lat' dir='ltr'>librum</span> <span class='ocrx_word' id='word_1_131' title='bbox 611 1910 802 1971; x_wconf 90' lang='lat' dir='ltr'>undecimum</span> <span class='ocrx_word' id='word_1_132' title='bbox 838 1911 972 1988; x_wconf 89' lang='lat' dir='ltr'>Appiani</span> <span class='ocrx_word' id='word_1_133' title='bbox 1008 1911 1151 1988; x_wconf 84' lang='lat' dir='ltr'>reliquias</span> 
     </span>
     <span class='ocr_line' id='line_1_19' title="bbox 132 2009 1152 2088; baseline 0 -20"><span class='ocrx_word' id='word_1_134' title='bbox 132 2009 300 2084; x_wconf 88' lang='lat' dir='ltr'>continens,</span> <span class='ocrx_word' id='word_1_135' title='bbox 329 2029 418 2086; x_wconf 91' lang='lat' dir='ltr'>quem</span> <span class='ocrx_word' id='word_1_136' title='bbox 448 2009 622 2085; x_wconf 91' lang='lat' dir='ltr'>plerumque</span> <span class='ocrx_word' id='word_1_137' title='bbox 653 2013 771 2071; x_wconf 88' lang='lat' dir='ltr'>secutus</span> <span class='ocrx_word' id='word_1_138' title='bbox 802 2031 883 2088; x_wconf 80' lang='lat' dir='ltr'>sum3</span> <span class='ocrx_word' id='word_1_139' title='bbox 913 2031 948 2070; x_wconf 83' lang='lat' dir='ltr'>ex</span> <span class='ocrx_word' id='word_1_140' title='bbox 977 2009 1043 2087; x_wconf 89' lang='lat' dir='ltr'>ipso</span> <span class='ocrx_word' id='word_1_141' title='bbox 1073 2009 1152 2069; x_wconf 89' lang='lat' dir='ltr'>enim</span> 
     </span>
     <span class='ocr_line' id='line_1_20' title="bbox 132 2107 1151 2184; baseline 0.002 -18"><span class='ocrx_word' id='word_1_142' title='bbox 132 2108 295 2183; x_wconf 86' lang='lat' dir='ltr'>archetypo</span> <span class='ocrx_word' id='word_1_143' title='bbox 313 2107 445 2166; x_wconf 89' lang='lat' dir='ltr'>lacerato</span> <span class='ocrx_word' id='word_1_144' title='bbox 465 2109 495 2166; x_wconf 88' lang='lat' dir='ltr'>ot</span> <span class='ocrx_word' id='word_1_145' title='bbox 513 2107 639 2183; x_wconf 90' lang='lat' dir='ltr'>pessime</span> <span class='ocrx_word' id='word_1_146' title='bbox 658 2108 762 2169; x_wconf 89' lang='lat' dir='ltr'>habito</span> <span class='ocrx_word' id='word_1_147' title='bbox 782 2109 1004 2170; x_wconf 87' lang='lat' dir='ltr'>accuratissime</span> <span class='ocrx_word' id='word_1_148' title='bbox 1024 2109 1151 2184; x_wconf 87' lang='lat' dir='ltr'>descrip-</span> 
     </span>
     <span class='ocr_line' id='line_1_21' title="bbox 131 2205 1153 2286; baseline 0.001 -22"><span class='ocrx_word' id='word_1_149' title='bbox 131 2208 182 2268; x_wconf 88' lang='lat' dir='ltr'>tus</span> <span class='ocrx_word' id='word_1_150' title='bbox 204 2205 280 2264; x_wconf 92' lang='lat' dir='ltr'>mihi</span> <span class='ocrx_word' id='word_1_151' title='bbox 298 2205 426 2266; x_wconf 86' lang='lat' dir='ltr'>videtur.</span> <span class='ocrx_word' id='word_1_152' title='bbox 465 2207 618 2282; x_wconf 87' lang='lat' dir='ltr'>proximus</span> <span class='ocrx_word' id='word_1_153' title='bbox 637 2207 666 2264; x_wconf 87' lang='lat' dir='ltr'>ei</span> <span class='ocrx_word' id='word_1_154' title='bbox 684 2210 730 2267; x_wconf 90' lang='lat' dir='ltr'>cst</span> <span class='ocrx_word' id='word_1_155' title='bbox 747 2209 913 2269; x_wconf 85' lang='lat' dir='ltr'>Vaticanus</span> <span class='ocrx_word' id='word_1_156' title='bbox 933 2207 986 2286; x_wconf 90' lang='lat' dir='ltr'>qui</span> <span class='ocrx_word' id='word_1_157' title='bbox 1003 2205 1153 2266; x_wconf 90' lang='lat' dir='ltr'>undecimi</span> 
     </span>
     <span class='ocr_line' id='line_1_22' title="bbox 132 2303 1151 2384; baseline 0.001 -21"><span class='ocrx_word' id='word_1_158' title='bbox 132 2303 202 2363; x_wconf 91' lang='lat' dir='ltr'>libri</span> <span class='ocrx_word' id='word_1_159' title='bbox 229 2303 400 2381; x_wconf 81' lang='lat' dir='ltr'>fragmenta</span> <span class='ocrx_word' id='word_1_160' title='bbox 427 2323 488 2362; x_wconf 89' lang='lat' dir='ltr'>una</span> <span class='ocrx_word' id='word_1_161' title='bbox 516 2321 584 2362; x_wconf 91' lang='lat' dir='ltr'>cum</span> <span class='ocrx_word' id='word_1_162' title='bbox 613 2304 713 2364; x_wconf 91' lang='lat' dir='ltr'>decem</span> <span class='ocrx_word' id='word_1_163' title='bbox 740 2307 889 2384; x_wconf 87' lang='lat' dir='ltr'>prioribus</span> <span class='ocrx_word' id='word_1_164' title='bbox 913 2304 1053 2382; x_wconf 88' lang='lat' dir='ltr'>Dionysii</span> <span class='ocrx_word' id='word_1_165' title='bbox 1076 2306 1151 2364; x_wconf 88' lang='lat' dir='ltr'>anti·</span> 
     </span>
     <span class='ocr_line' id='line_1_23' title="bbox 133 2401 1152 2482; baseline 0.001 -21"><span class='ocrx_word' id='word_1_166' title='bbox 133 2403 284 2480; x_wconf 88' lang='lat' dir='ltr'>quitatum</span> <span class='ocrx_word' id='word_1_167' title='bbox 314 2402 398 2462; x_wconf 89' lang='lat' dir='ltr'>libris</span> <span class='ocrx_word' id='word_1_168' title='bbox 428 2401 559 2478; x_wconf 81' lang='lat' dir='ltr'>exhibet,</span> <span class='ocrx_word' id='word_1_169' title='bbox 588 2405 727 2479; x_wconf 86' lang='lat' dir='ltr'>quamvis</span> <span class='ocrx_word' id='word_1_170' title='bbox 754 2403 996 2482; x_wconf 88' lang='lat' dir='ltr'>interpolationis</span> <span class='ocrx_word' id='word_1_171' title='bbox 1025 2404 1152 2463; x_wconf 87' lang='lat' dir='ltr'>maculis</span> 
     </span>
     <span class='ocr_line' id='line_1_24' title="bbox 132 2499 1151 2583; baseline 0.008 -25"><span class='ocrx_word' id='word_1_172' title='bbox 132 2499 201 2560; x_wconf 88' lang='lat' dir='ltr'>hinc</span> <span class='ocrx_word' id='word_1_173' title='bbox 230 2503 262 2559; x_wconf 82' lang='lat' dir='ltr'>et</span> <span class='ocrx_word' id='word_1_174' title='bbox 289 2500 358 2559; x_wconf 88' lang='lat' dir='ltr'>inde</span> <span class='ocrx_word' id='word_1_175' title='bbox 388 2500 578 2576; x_wconf 83' lang='lat' dir='ltr'>inquinatus,</span> <span class='ocrx_word' id='word_1_176' title='bbox 608 2503 709 2562; x_wconf 86' lang='lat' dir='ltr'>tamen</span> <span class='ocrx_word' id='word_1_177' title='bbox 739 2504 827 2583; x_wconf 83' lang='lat' dir='ltr'>longe</span> <span class='ocrx_word' id='word_1_178' title='bbox 860 2505 996 2580; x_wconf 89' lang='lat' dir='ltr'>superior</span> <span class='ocrx_word' id='word_1_179' title='bbox 1027 2503 1151 2578; x_wconf 80' lang='lat' dir='ltr'>reliquis</span> 
     </span>
     <span class='ocr_line' id='line_1_25' title="bbox 133 2598 1152 2679; baseline 0.002 -21"><span class='ocrx_word' id='word_1_180' title='bbox 133 2598 293 2677; x_wconf 84' lang='lat' dir='ltr'>codicibus,</span> <span class='ocrx_word' id='word_1_181' title='bbox 317 2599 402 2659; x_wconf 88' lang='lat' dir='ltr'>velut</span> <span class='ocrx_word' id='word_1_182' title='bbox 426 2598 608 2678; x_wconf 83' lang='lat' dir='ltr'>Ooisliniano</span> <span class='ocrx_word' id='word_1_183' title='bbox 632 2603 663 2660; x_wconf 92' lang='lat' dir='ltr'>et</span> <span class='ocrx_word' id='word_1_184' title='bbox 680 2601 887 2678; x_wconf 87' lang='lat' dir='ltr'>Ambrosianc,</span> <span class='ocrx_word' id='word_1_185' title='bbox 909 2602 942 2660; x_wconf 91' lang='lat' dir='ltr'>in</span> <span class='ocrx_word' id='word_1_186' title='bbox 965 2601 1072 2679; x_wconf 84' lang='lat' dir='ltr'>quibus</span> <span class='ocrx_word' id='word_1_187' title='bbox 1095 2603 1152 2660; x_wconf 90' lang='lat' dir='ltr'>hae</span> 
     </span>
     <span class='ocr_line' id='line_1_26' title="bbox 132 2697 1152 2776; baseline 0.001 -19"><span class='ocrx_word' id='word_1_188' title='bbox 132 2697 278 2774; x_wconf 90' lang='lat' dir='ltr'>reliquiae</span> <span class='ocrx_word' id='word_1_189' title='bbox 309 2717 344 2756; x_wconf 82' lang='lat' dir='ltr'>ex</span> <span class='ocrx_word' id='word_1_190' title='bbox 373 2697 471 2776; x_wconf 84' lang='lat' dir='ltr'>ignoti</span> <span class='ocrx_word' id='word_1_191' title='bbox 498 2698 653 2758; x_wconf 87' lang='lat' dir='ltr'>cuiusdam</span> <span class='ocrx_word' id='word_1_192' title='bbox 679 2700 752 2760; x_wconf 86' lang='lat' dir='ltr'>Itali</span> <span class='ocrx_word' id='word_1_193' title='bbox 781 2701 950 2762; x_wconf 88' lang='lat' dir='ltr'>recensione</span> <span class='ocrx_word' id='word_1_194' title='bbox 978 2700 1152 2760; x_wconf 87' lang='lat' dir='ltr'>emendatae</span> 
     </span>
     <span class='ocr_line' id='line_1_27' title="bbox 133 2796 1152 2877; baseline 0.001 -22"><span class='ocrx_word' id='word_1_195' title='bbox 133 2796 180 2855; x_wconf 87' lang='lat' dir='ltr'>vel</span> <span class='ocrx_word' id='word_1_196' title='bbox 218 2796 319 2871; x_wconf 89' lang='lat' dir='ltr'>potius</span> <span class='ocrx_word' id='word_1_197' title='bbox 353 2796 533 2873; x_wconf 87' lang='lat' dir='ltr'>depravatae</span> <span class='ocrx_word' id='word_1_198' title='bbox 565 2798 715 2877; x_wconf 86' lang='lat' dir='ltr'>leguntur.</span> <span class='ocrx_word' id='word_1_199' title='bbox 770 2799 1006 2860; x_wconf 85' lang='lat' dir='ltr'>Laurentianum</span> <span class='ocrx_word' id='word_1_200' title='bbox 1041 2797 1152 2857; x_wconf 92' lang='lat' dir='ltr'>librum</span> 
     </span>
     <span class='ocr_line' id='line_1_28' title="bbox 133 2893 1151 2976; baseline 0.001 -22"><span class='ocrx_word' id='word_1_201' title='bbox 133 2894 245 2971; x_wconf 87' lang='lat' dir='ltr'>partim</span> <span class='ocrx_word' id='word_1_202' title='bbox 262 2893 327 2970; x_wconf 89' lang='lat' dir='ltr'>ipse</span> <span class='ocrx_word' id='word_1_203' title='bbox 345 2895 457 2971; x_wconf 85' lang='lat' dir='ltr'>partim</span> <span class='ocrx_word' id='word_1_204' title='bbox 467 2895 637 2957; x_wconf 88' lang='lat' dir='ltr'>Wilmanns</span> <span class='ocrx_word' id='word_1_205' title='bbox 656 2899 687 2956; x_wconf 89' lang='lat' dir='ltr'>et</span> <span class='ocrx_word' id='word_1_206' title='bbox 700 2897 824 2976; x_wconf 87' lang='lat' dir='ltr'>Dilthey</span> <span class='ocrx_word' id='word_1_207' title='bbox 844 2899 933 2958; x_wconf 90' lang='lat' dir='ltr'>amici</span> <span class='ocrx_word' id='word_1_208' title='bbox 947 2899 1151 2972; x_wconf 83' lang='lat' dir='ltr'>excusserunt3</span> 
     </span>
     <span class='ocr_line' id='line_1_29' title="bbox 134 2991 1152 3071; baseline 0.004 -21"><span class='ocrx_word' id='word_1_209' title='bbox 134 2991 367 3060; x_wconf 86' lang='lat' dir='ltr'>Ambrosianum</span> <span class='ocrx_word' id='word_1_210' title='bbox 397 2993 462 3071; x_wconf 88' lang='lat' dir='ltr'>ipse</span> <span class='ocrx_word' id='word_1_211' title='bbox 495 2994 616 3058; x_wconf 90' lang='lat' dir='ltr'>contuli.</span> <span class='ocrx_word' id='word_1_212' title='bbox 672 2995 812 3056; x_wconf 88' lang='lat' dir='ltr'>Vaticani</span> <span class='ocrx_word' id='word_1_213' title='bbox 845 2996 965 3056; x_wconf 90' lang='lat' dir='ltr'>collatio</span> <span class='ocrx_word' id='word_1_214' title='bbox 998 2995 1036 3056; x_wconf 85' lang='lat' dir='ltr'>ab</span> <span class='ocrx_word' id='word_1_215' title='bbox 1067 2994 1152 3054; x_wconf 89' lang='lat' dir='ltr'>Aem.</span> 
     </span>
    </p>
   </div>
   <div class='ocr_carea' id='block_1_6' title="bbox 22 3091 1153 3172">
    <p class='ocr_par' dir='ltr' id='par_1_7' title="bbox 22 3091 1153 3172">
     <span class='ocr_line' id='line_1_30' title="bbox 22 3091 1153 3172; baseline 0.004 -23"><span class='ocrx_word' id='word_1_216' title='bbox 22 3136 24 3142; x_wconf 28' lang='lat' dir='ltr'>r</span> <span class='ocrx_word' id='word_1_217' title='bbox 135 3091 268 3151; x_wconf 88' lang='lat' dir='ltr'>Braunic</span> <span class='ocrx_word' id='word_1_218' title='bbox 290 3091 323 3150; x_wconf 89' lang='lat' dir='ltr'>in</span> <span class='ocrx_word' id='word_1_219' title='bbox 341 3092 499 3162; x_wconf 82' lang='lat' dir='ltr'>Ritschelii</span> <span class='ocrx_word' id='word_1_220' title='bbox 521 3112 610 3154; x_wconf 92' lang='lat' dir='ltr'>usum</span> <span class='ocrx_word' id='word_1_221' title='bbox 632 3095 767 3155; x_wconf 83' lang='lat' dir='ltr'>confecta</span> <span class='ocrx_word' id='word_1_222' title='bbox 789 3096 865 3154; x_wconf 90' lang='lat' dir='ltr'>mihi</span> <span class='ocrx_word' id='word_1_223' title='bbox 887 3097 1007 3172; x_wconf 89' lang='lat' dir='ltr'>praesto</span> <span class='ocrx_word' id='word_1_224' title='bbox 1031 3096 1103 3168; x_wconf 84' lang='lat' dir='ltr'>erat,</span> <span class='ocrx_word' id='word_1_225' title='bbox 1122 3095 1153 3153; x_wconf 91' lang='lat' dir='ltr'>et</span> 
     </span>
    </p>
   </div>
   <div class='ocr_carea' id='block_1_7' title="bbox 134 3188 1152 3567">
    <p class='ocr_par' dir='ltr' id='par_1_8' title="bbox 134 3188 1152 3567">
     <span class='ocr_line' id='line_1_31' title="bbox 135 3188 1152 3269; baseline 0.003 -21"><span class='ocrx_word' id='word_1_226' title='bbox 135 3190 170 3248; x_wconf 92' lang='lat' dir='ltr'>de</span> <span class='ocrx_word' id='word_1_227' title='bbox 184 3188 361 3250; x_wconf 80' lang='lat' dir='ltr'>Ooisliuiani</span> <span class='ocrx_word' id='word_1_228' title='bbox 380 3191 535 3269; x_wconf 82' lang='lat' dir='ltr'>scriptmis</span> <span class='ocrx_word' id='word_1_229' title='bbox 554 3191 722 3268; x_wconf 88' lang='lat' dir='ltr'>potioribus</span> <span class='ocrx_word' id='word_1_230' title='bbox 738 3192 768 3252; x_wconf 81' lang='lat' dir='ltr'>O.</span> <span class='ocrx_word' id='word_1_231' title='bbox 779 3195 921 3254; x_wconf 89' lang='lat' dir='ltr'>Wescher</span> <span class='ocrx_word' id='word_1_232' title='bbox 937 3191 1152 3253; x_wconf 90' lang='lat' dir='ltr'>humanissime</span> 
     </span>
     <span class='ocr_line' id='line_1_32' title="bbox 134 3289 1152 3368; baseline 0.003 -21"><span class='ocrx_word' id='word_1_233' title='bbox 134 3309 181 3347; x_wconf 90' lang='lat' dir='ltr'>me</span> <span class='ocrx_word' id='word_1_234' title='bbox 209 3289 365 3350; x_wconf 88' lang='lat' dir='ltr'>certiorem</span> <span class='ocrx_word' id='word_1_235' title='bbox 392 3290 476 3366; x_wconf 90' lang='lat' dir='ltr'>fecit,</span> <span class='ocrx_word' id='word_1_236' title='bbox 511 3291 590 3351; x_wconf 89' lang='lat' dir='ltr'>unde</span> <span class='ocrx_word' id='word_1_237' title='bbox 617 3289 752 3350; x_wconf 87' lang='lat' dir='ltr'>intellexi</span> <span class='ocrx_word' id='word_1_238' title='bbox 782 3292 957 3368; x_wconf 86' lang='lat' dir='ltr'>plerumque</span> <span class='ocrx_word' id='word_1_239' title='bbox 987 3312 1053 3350; x_wconf 90' lang='lat' dir='ltr'>eum</span> <span class='ocrx_word' id='word_1_240' title='bbox 1085 3310 1152 3351; x_wconf 91' lang='lat' dir='ltr'>cum</span> 
     </span>
     <span class='ocr_line' id='line_1_33' title="bbox 134 3374 1151 3468; baseline 0.003 -23"><span class='ocrx_word' id='word_1_241' title='bbox 134 3374 333 3448; x_wconf 80' lang='lat' dir='ltr'>Ambrosiano</span> <span class='ocrx_word' id='word_1_242' title='bbox 371 3389 544 3449; x_wconf 88' lang='lat' dir='ltr'>consentire.</span> <span class='ocrx_word' id='word_1_243' title='bbox 599 3389 788 3468; x_wconf 80' lang='lat' dir='ltr'>Elbingensis</span> <span class='ocrx_word' id='word_1_244' title='bbox 821 3390 891 3460; x_wconf 84' lang='lat' dir='ltr'>libri</span> <span class='ocrx_word' id='word_1_245' title='bbox 922 3390 960 3450; x_wconf 89' lang='lat' dir='ltr'>ab</span> <span class='ocrx_word' id='word_1_246' title='bbox 981 3388 1151 3448; x_wconf 49' lang='lat' dir='ltr'>¹Ambrosio</span> 
     </span>
     <span class='ocr_line' id='line_1_34' title="bbox 137 3483 925 3567; baseline 0.005 -23"><span class='ocrx_word' id='word_1_247' title='bbox 137 3484 246 3546; x_wconf 83' lang='lat' dir='ltr'>detecti</span> <span class='ocrx_word' id='word_1_248' title='bbox 269 3487 485 3551; x_wconf 87' lang='lat' dir='ltr'>accuratiorem</span> <span class='ocrx_word' id='word_1_249' title='bbox 508 3487 708 3567; x_wconf 83' lang='lat' dir='ltr'>cognitionem</span> <span class='ocrx_word' id='word_1_250' title='bbox 730 3508 790 3548; x_wconf 90' lang='lat' dir='ltr'>non</span> <span class='ocrx_word' id='word_1_251' title='bbox 812 3483 925 3548; x_wconf 67' lang='lat' dir='ltr'>habui?</span> 
     </span>
    </p>
   </div>
   <div class='ocr_carea' id='block_1_8' title="bbox 0 0 1338 3920">
    <p class='ocr_par' dir='ltr' id='par_1_9' title="bbox 0 0 1338 3920">
     <span class='ocr_line' id='line_1_35' title="bbox 0 0 1338 3920; baseline 0 0"><span class='ocrx_word' id='word_1_252' title='bbox 0 0 1338 3920; x_wconf 95' lang='lat' dir='ltr'> </span> 
     </span>
    </p>
   </div>
  </div>
 </body>
</html>
