2662 3920
581 248 614 256 -
652 221 667 271 Ι
702 249 735 257 -
1123 219 1166 284 69

147 346 205 422 τὰς
237 345 332 427 τιμάς
363 343 402 422 δς
432 337 498 428 εἶχε
528 345 584 410 καί
613 347 671 421 τάς
700 342 755 410 ἐπὶ
784 343 918 421 ταύταις
947 343 1168 430 εὐφροσύνας.

148 449 201 536 ἐφ’
231 443 281 528 οἷς
310 450 473 535 ἀγασθείς
501 473 541 533 με
564 450 582 516 ὑ
605 450 731 528 ὑπατος
757 460 818 516 τοῦ
845 451 979 536 πρώτον
1006 450 1169 534 τάγματος

148 555 297 623 ἀπέδωκε
333 559 394 642 τὴν
432 559 737 644 στρατοπεδορχίαν
774 555 1021 634 ἀπολωλεκότος
1057 556 1095 622 ἐν
1128 567 1167 642 τῇ

147 665 233 755 μάχῃ
255 666 316 730 τὸν
338 665 492 749 ἡγεμόνα.

218 770 383 836 XXXVII.
412 770 509 836 Ταῦτ’
532 769 634 856 ἐστίν,
652 768 678 838 ὦ
698 773 852 857 δημόται,
870 773 910 836 τδι
929 770 1169 856 φανερώσαντά
1201 792 1219 831 ε-

66 894 187 960 εοεεμε
209 878 265 943 καὶ
288 879 335 955 είς
357 879 536 963 ἡγεμονίας
559 881 793 964 προαγαγόντα
810 887 949 962 γενναία
967 875 1056 963 ἔργα.
1098 875 1170 942 ἐπεὶ

148 983 178 1049 δ’
210 985 370 1068 ὀνόματος
405 985 469 1068 ἤδη
502 989 655 1069 λαμπροῦ
688 985 863 1070 τυγχάνων
895 986 1040 1070 φανερὸς
1070 986 1169 1068 ἥμην,

148 1091 295 1169 ἅπαντας
313 1091 493 1175 ’ὑπέμενον
525 1093 605 1168 τοὺς
638 1095 776 1169 λοιποὺς
808 1089 939 1176 ἀγῶνας
972 1092 1169 1173 αἰδούμενος

148 1200 206 1277 τὰς
242 1198 313 1266 έπὺ
333 1209 403 1277 τοῖς
439 1197 614 1284 προτέροις
655 1195 765 1282 ἔργοις
805 1200 901 1282 τιμάς
940 1199 996 1266 καὶ
1035 1199 1170 1283 χάριτας

148 1305 317 1390 ἀφανίσαι.
348 1305 432 1398 Ικαὶ
465 1304 632 1370 διετέλεσα
663 1305 771 1371 πάντα
803 1307 863 1371 τὸν
893 1303 1013 1389 μεταξὺ
1045 1307 1170 1392 χρόνον
1188 1327 1214 1366 ιο

149 1415 408 1498 στρατευόμενος
437 1412 493 1477 καλ
522 1416 741 1497 ταλαιπωρῶν
770 1413 826 1478 καὶ
855 1412 979 1478 οὐδένα
1007 1412 1170 1479 κίνδυνον

148 1521 266 1596 δεδιὼς
290 1519 370 1584 οὐδὲ
392 1518 682 1602 ὑπολογιζόμενος·
714 1517 748 1597 ἐξ
771 1513 820 1585 ὧν
843 1518 999 1586 ἁπάντων
1022 1519 1170 1606 ἀριστεία

148 1627 204 1690 καί
234 1630 339 1690 σκῦλα
369 1626 425 1691 καί
455 1625 642 1710 στεφάνους
668 1626 724 1690 καὶ
750 1627 808 1703 τάς
836 1627 937 1704 άλλας
963 1629 1058 1710 τιμάς
1080 1629 1169 1712 παρά

148 1742 216 1798 τῶν
238 1731 374 1798 ὑπάτων
397 1728 531 1816 ἔλαβον·
563 1733 618 1798 ἵνα
641 1732 679 1798 δὲ
702 1733 853 1798 συνελὼν
872 1733 968 1815 εἴπω,
986 1734 1091 1819 μάχας
1108 1733 1169 1816 μὲν
1187 1734 1208 1798 2

149 1837 187 1904 ἐν
209 1847 279 1916 τολς
301 1839 539 1925 τετταράκοντα
562 1835 682 1924 ἔτεσιν,
705 1839 743 1905 έν
766 1831 817 1916 οἷς
837 1840 974 1907 διατελῶ
994 1843 1169 1927 στρατευό-
1188 1861 1213 1902 1⁶

148 1969 261 2030 μενος,
285 1945 370 2031 άμφδ
391 1947 449 2023 τὰς
467 1945 585 2012 ἑκατὸν
604 1947 709 2013 εἴκοσι
727 1947 926 2032 μεμάχημαι,
944 1949 1113 2034 τραύματα
1132 1947 1170 2014 δὲ

92 2035 95 2042 ⁸
148 2053 245 2118 πέντε
272 2053 327 2118 καί
355 2053 595 2138 τετταράκοντα
618 2054 739 2138 εἴληφα
761 2054 817 2119 καί
830 2054 947 2120 πάντα
970 2052 1169 2140 ίμπρόσὺια,

146 2160 230 2225 κατὰ
247 2161 356 2226 νώτου
376 2159 407 2224 δ’
420 2159 535 2226 οὐδέν.
570 2160 626 2226 καὶ
643 2160 773 2226 τούτων
791 2161 919 2226 δώδεκά
938 2158 1039 2244 ἐστιν,
1054 2159 1075 2225 δ
1089 2176 1169 2225 συν-

148 2265 207 2350 εβη
235 2289 291 2348 μοι
319 2265 495 2350 λαβείνέν
516 2265 623 2353 ἡμέρᾳ
645 2272 718 2352 μιᾷ,
745 2266 800 2331 ὅτε
823 2269 972 2349 Σαβῖνος
990 2264 1170 2352 Ἑρδώνιος

146 2373 259 2458 τὴν”
238 2396 345 2456 ακραν
373 2373 429 2438 καὶ
458 2375 496 2438 τὸ
524 2373 738 2438 Καπιτώλιον
765 2372 970 2455 κατελάβετο.
1022 2348 1213 2478 ἀριστεία3

148 2477 246 2545 δ’ἐκ
277 2489 345 2544 τῶν
375 2478 515 2564 ἀγώνων
544 2477 757 2562 ἐξενήνεγμαι
785 2481 1081 2566 τεσσαρεσκαίδεκα
1108 2480 1169 2563 μὲν

148 2587 336 2672 στεφάνους
365 2586 618 2669 πολιτικούς,ο
600 2577 650 2662 οἷς
680 2585 847 2671 άνέδησάν
876 2610 915 2670 με
943 2589 976 2654 ολ
1004 2587 1170 2688 σωθέντες

67 2692 186 2760 εοεοέν
208 2704 280 2771 ταῖς
302 2694 420 2778 μάχαις
437 2692 485 2758 ὑπ
486 2691 608 2777 ’έμοὺ,
626 2702 715 2778 τρεῖς
733 2692 771 2758 δὲ
789 2699 1063 2781 πολιορκητικοὺς
1081 2706 1169 2780 πρῶ-

147 2824 203 2878 τος
236 2799 352 2884 ἐπιβάς
382 2802 548 2883 πολεμίων
578 2802 699 2886 τείχεσι
728 2801 783 2866 καί
800 2803 995 2888 κατασχών,
1023 2802 1108 2867 ὀκτὼ
1131 2801 1169 2866 δέ

148 2910 227 2985 τοὺς
256 2906 292 2973 έκ
319 2906 544 2992 παρατάξεως,
572 2899 622 2985 οἷς
649 2907 715 2974 ὑπὸ
738 2920 806 2974 τῶν
829 2909 1083 2996 αὐτοκρατόρων
1106 2907 1168 2974 ἐτι-
1187 2930 1213 2970 ιε

148 3018 275 3100 μύθην·
318 3013 402 3100 πρὸς
434 3014 472 3080 δὲ
502 3014 633 3092 τούτοις
665 3015 870 3100 ὀγδοήκοντα
901 3016 963 3098 μὲν
994 3016 1050 3082 καί
1081 3025 1169 3102 τρελς

148 3131 294 3207 χρυσοῦς
330 3123 512 3207 στρεπτοὺς
548 3125 816 3208 περιαυχενίους,
853 3121 1012 3208 ἐξήκοντα
1045 3123 1083 3189 δὲ
1112 3124 1170 3189 καλ

150 3226 267 3295 ἑκατὸν
294 3231 546 3316 περιβραχιόνια
573 3231 712 3316 χρύσεα,
738 3231 863 3315 δόρατα
886 3229 916 3294 δ’
938 3230 1169 3314 ὀκτωκαίδεκα,

221 3410 253 3458 11
273 3403 469 3478 τοιωραλ<ι>π
471 3404 571 3459 ῶνΒλ)
623 3411 689 3460 272
690 3401 950 3460 ακλέαιδνεδδ.Β
1000 3406 1167 3476 28χρὺσεα]

149 3474 183 3530 ολ.
203 3475 312 3544 Jacoby
330 3477 396 3530 Αοτ
415 3425 511 3545 Ριὺςτ.
530 3494 557 3545 p
573 3482 607 3532 36
