2654 3916
552 247 586 255 -
623 219 669 271 ΙΘ
706 247 741 254 -
1091 217 1158 284 303

134 346 254 429 νόμιζε.
299 342 372 427 ἐμοὶ
394 339 425 409 δ’
443 343 519 410 άντλ
540 343 670 409 τοῦτον
692 338 766 427 μήτ’
784 343 902 408 άδικον
924 344 1000 428 μήτ’
1017 343 1158 428 αἰσχράν

133 450 256 538 πρᾶξιν
278 450 487 541 ὑπηρετήσχς
509 451 683 535 μηδεμίαν,
711 445 784 515 ἀλλ’
802 447 835 528 ἐξ
859 444 907 516 ὧν
930 449 1030 528 αὐτὸς
1052 452 1158 536 κρείτ-

134 583 203 624 των
230 555 289 648 ἔσχ
315 558 372 624 καί
398 557 589 644 τιμιώτερος
616 556 655 624 ἐν
677 565 717 642 πή
740 566 888 623 ,σεαυτοῦ
914 557 1057 642 πατρίδι.
1102 556 1198 624 καλό

134 677 269 751 πρῶτον
295 666 357 749 μὲν
385 663 441 731 ἐπὶ
466 665 524 742 τάς
552 663 746 748 διαλλαγάς,
774 664 836 749 ὅση
864 663 1006 747 δύναμις
1032 661 1070 730 όν
1093 666 1158 748 σοί,

134 775 352 861 παρόρμησον
384 774 445 857 τήν
477 772 555 858 άχρι
585 772 686 836 τοῦόε
713 771 852 857 όόσεριν
878 771 935 837 καί
962 770 1064 837 οὐδὲν
1090 781 1158 836 τῶν
1190 793 1203 834 ε

134 882 278 966 μετρίων
301 887 499 966 φρονοῦσαν
523 881 663 963 βουλήν,
690 877 869 962 διδάσκων,
897 879 942 956 ὡς
969 877 1075 959 <οῦκ>
1103 875 1159 944 ἐπὶ

49 997 223 1072 2348κακήν
250 995 309 1070 τής
335 987 462 1062 πόλεως
484 984 580 1068 ὑμῶν
603 985 745 1071 ἀφῖγμαι
772 987 989 1071 Ταραντίνοις
1011 985 1067 1051 καί
1088 994 1159 1062 τοῖς

135 1094 248 1170 άλλοις
276 1089 475 1170 Ἰταλιώταις
506 1092 735 1178 ὑποσχόμενος
766 1095 962 1177 βοηθήσειν,
994 1091 1054 1170 οῦς
1081 1093 1159 1158 οὔτε

135 1201 231 1267 ὅσων
258 1199 329 1266 οὔτ’
351 1199 518 1284 εόσχημόν
541 1197 612 1265 ἐστί
637 1221 695 1282 μοι
719 1201 860 1286 παρόντι
882 1200 964 1282 μετά
986 1200 1159 1284 δυνάμεως

134 1309 191 1374 καί
217 1308 279 1392 τήν
306 1307 442 1394 πρώτην
468 1307 656 1391 νενικηκότι
682 1305 791 1392 μάχην
818 1304 1057 1390 ἐγκαταλιπεῖν.
1103 1309 1159 1373 καί
1177 1331 1203 1370 ιο

134 1414 224 1480 πάνυ
252 1415 359 1480 πολλά
386 1413 442 1480 καί
469 1413 632 1498 ἀναγκαία
660 1413 834 1497 πράγματα
856 1415 939 1480 κατὰ
961 1422 1083 1479 τοῦτον
1104 1437 1159 1497 γε-

134 1524 259 1605 νόμενα
281 1521 342 1586 τὸν
363 1521 482 1607 καιρὸν
505 1518 560 1585 ἐπὶ
581 1520 643 1604 τήν
667 1519 758 1585 ἰδίαν
780 1543 820 1603 με
847 1518 954 1608 άρχήν
976 1525 1157 1604 μετακαλεῖ.

134 1627 209 1718 (10)
236 1631 363 1706 πίστεις
394 1651 430 1692 τε
461 1626 625 1714 ῦπὲχομαι
656 1626 778 1712 πάσας,
810 1627 931 1694 ὁπόσαι
962 1629 1198 1712 βεβαιοῦσινὸ

134 1736 327 1823 ἀνθρώπων
350 1735 542 1819 ὁμολογίας,
568 1733 625 1800 καὶ
651 1735 743 1823 μόνφ
770 1735 826 1801 καί
852 1738 934 1819 μετὰ
957 1746 1024 1802 τῶν
1047 1737 1159 1802 ἄλλων

134 1845 349 1930 πρεσβευτῶν
375 1843 453 1930 περί
479 1852 538 1928 τῆς
569 1841 683 1908 ouans
710 1841 912 1927 ἀνακομιδῆς
934 1844 957 1928 †
981 1841 1066 1909 εἶναι
1084 1842 1159 1909 Ῥω·
1177 1863 1203 1904 ιε

50 1969 123 2018 2349
133 1960 226 2034 μαῑοι
244 1953 439 2035 ποιήσαιντο
458 1951 568 2036 φίλοι,
587 1951 643 2016 ἵνα
660 1956 801 2036 θαρρῶν
819 1951 903 2033 πρὸς
920 1952 999 2026 τοὺς
1015 1959 1157 2016 σεαυτοῦ

133 2060 270 2135 πολίτας
306 2056 418 2148 λέγῃς,
456 2059 486 2124 εἰ
520 2058 563 2141 δή
594 2071 661 2121 τισι
692 2057 729 2120 τὸ
761 2065 820 2139 τῆς
850 2057 1020 2138 βασιλείας
1051 2056 1158 2138 ὄνομα

132 2163 286 2230 ὕποπτόν
318 2162 411 2229 ἐστιν
443 2165 488 2241 ὡς
520 2163 691 2246 ἀπατηλὸν
722 2159 761 2228 ἐν
797 2161 1001 2245 ὁμολογίαις,
1038 2159 1072 2240 ἐξ
1109 2156 1157 2228 ὧν

134 2269 243 2354 ἕτεροί
259 2292 347 2346 τινες
365 2269 403 2335 ἐν
421 2270 533 2354 ὅρκοις
551 2268 607 2333 καλ
630 2269 792 2346 σπονόαίς
814 2277 1020 2354 παρανομεῖν
1038 2265 1157 2346 ἔδοξαν

134 2377 232 2460 ὅμοια
253 2375 310 2440 καλ
332 2377 409 2462 περί
432 2374 513 2459 ἐμοῦ
532 2373 808 2462 τεκμαιρομένοις.
845 2375 1025 2460 γενομένης
1037 2375 1082 2440 δὲ
1099 2349 1203 2478 τήςξο

206 2557 222 2605 2
248 2550 423 2620 ὑπηρετήσας
446 2550 473 2604 X
500 2551 536 2606 of.
559 2551 709 2604 Bnumunn
734 2549 799 2606 Obs.
824 2550 859 2604 ds
881 2568 934 2604 usu
956 2551 1032 2606 mod.
1050 2569 1078 2622 p.
1094 2557 1128 2606 66
1150 2551 1154 2624 ή

133 2620 230 2695 αὐτὸς]
262 2622 355 2676 αὐτῶν
388 2621 517 2677 Hertlein
548 2621 664 2677 Hennes
696 2621 723 2675 X
749 2627 800 2676 421
838 2619 922 2685 αότός
952 2643 981 2678 τε
1013 2623 1157 2692 Kisssh'ng

134 2701 150 2750 8
169 2693 283 2766 ἑαυτοῦ]
304 2702 421 2749 σεαυτοῦ
440 2693 569 2750 Hertlein
583 2693 630 2749 l.l.
695 2699 712 2748 ό
731 2694 845 2761 δόνεριν
864 2692 887 2748 O
907 2694 1019 2762 δόσεριν
1037 2694 1156 2749 Ursinus

135 2767 222 2821 6οῦιι
241 2765 306 2820 add.
321 2765 425 2820 Rsisks
498 2766 610 2836 λήμῶν
630 2763 653 2820 O
671 2766 749 2835 ὑμῶν
769 2764 929 2890 ὃγλοιιεςχ
946 2765 997 2820 οῦκ
1016 2773 1072 2820 ε.6
1092 2781 1156 2818 cum

133 2837 237 2893 Reisks
272 2840 301 2892 st
336 2834 522 2904 Ταραντίνοις
552 2837 583 2892 δὲ
613 2837 662 2892 καλ
695 2853 718 2891 ο.
741 2836 870 2892 ΗειτΙοὶα
929 2853 1018 2891 ermes
1049 2835 1076 2889 X
1102 2841 1156 2890 422

133 2906 213 2972 8ολς
231 2908 254 2964 O
274 2909 323 2972 οῦς
342 2907 465 2979 Sylburg
528 2914 562 2964 10
580 2905 742 2977 νενικηκόσι
760 2908 783 2963 0
803 2925 872 2963 corr.
891 2907 1009 2961 Ursinus
1031 2907 1034 2980 ή
1054 2906 1155 2976 μάχην,
1237 2921 1238 2928 “

134 2979 329 3050 ἐγκαταλιπείν
353 2980 383 3035 δὲ
407 2979 456 3034 καί
479 2979 504 3033 X
529 2979 631 3050 μάχην,
657 2979 837 3049 ἐγκαταλιπεί
858 2978 889 3033 δὲ
910 2978 959 3032 καλ
978 2977 1028 3032 EV
1046 2980 1155 3033 texbum

133 3051 252 3106 Ursinus
276 3053 403 3107 restituit
480 3057 513 3105 15
539 3052 714 3120 ἀνακομιδῆς
738 3045 813 3106 εἶναι
834 3049 966 3120 Ῥωμαῖοι
989 3049 1156 3119 ποιήσαιντο

134 3120 225 3192 φίλοι,
244 3121 292 3176 ἵνα
311 3124 333 3178 Ο
352 3123 439 3178 verba
457 3124 590 3191 compta
609 3124 687 3188 sunt3
707 3122 733 3176 ἀ.
753 3117 841 3192 εἶναι,
864 3120 915 3176 ἐὰν
933 3118 970 3176 Ῥ.
989 3121 1156 3191 ποιήσαιντο

133 3195 195 3264 (sic)
214 3191 325 3262 φιλίαν·
345 3193 394 3249 ἵνα
413 3211 436 3250 c.
451 3193 554 3248 Reiske
578 3191 628 3248 ἐὰν
650 3192 824 3262 ποιήσονται
845 3193 955 3262 Kruger
977 3192 1038 3247 Ind.
1057 3211 1098 3264 gr.
1113 3211 1154 3262 gr.

132 3283 160 3335 p.
182 3271 235 3320 263
262 3265 289 3318 ά.
311 3266 337 3319 σί
357 3264 394 3320 Ῥ.
415 3265 582 3335 ποιήσονται
609 3261 716 3332 φιλίαν,
744 3263 793 3319 λ’να
819 3263 974 3334 Kiessling‚
1001 3265 1051 3318 alii
1077 3264 1156 3318 aliud

134 3343 168 3391 16
191 3335 293 3392 ἑαυτοῦ
317 3335 340 3389 Ο
367 3345 484 3392 σεαυτοῦ
509 3335 638 3392 Hertlsin
660 3335 777 3390 Hermes
795 3335 821 3389 X
839 3341 891 3390 422
965 3341 998 3390 12
1021 3333 1109 3406 λέγεις
1132 3335 1155 3389 Ο

132 3405 212 3480 λάλης
230 3407 257 3461 εί
275 3403 307 3462 δό
324 3424 380 3461 τισι
398 3409 514 3463 Ursinus
532 3407 596 3462 λεί
614 3405 650 3476 δή
667 3423 723 3462 τισι
742 3406 901 3476 Stephanus
957 3412 990 3462 20
1009 3403 1157 3476 τεκμαιρό-

133 3498 216 3548 μενος
234 3478 257 3534 0
277 3494 346 3534 corn
366 3478 488 3550 Sylburg
