<?xml version="1.0" encoding="UTF-8"?>
<!DOCTYPE html PUBLIC "-//W3C//DTD XHTML 1.0 Transitional//EN"
    "http://www.w3.org/TR/xhtml1/DTD/xhtml1-transitional.dtd">
<html xmlns="http://www.w3.org/1999/xhtml" xml:lang="en" lang="en">
 <head>
  <title>
</title>
<meta http-equiv="Content-Type" content="text/html;charset=utf-8" />
  <meta name='ocr-system' content='tesseract 3.04.00' />
  <meta name='ocr-capabilities' content='ocr_page ocr_carea ocr_par ocr_line ocrx_word'/>
</head>
<body>
  <div class='ocr_page' id='page_1' title='image "./dionysihalicarn06diongoog_0122.png"; bbox 0 0 2656 3932; ppageno 0'>
   <div class='ocr_carea' id='block_1_1' title="bbox 157 310 1323 720">
    <p class='ocr_par' dir='ltr' id='par_1_1' title="bbox 157 310 1177 398">
     <span class='ocr_line' id='line_1_1' title="bbox 157 310 1177 398; baseline -0.004 -18"><span class='ocrx_word' id='word_1_1' title='bbox 157 315 219 398; x_wconf 67' lang='grc' dir='ltr'><strong><em>μὲν</em></strong></span> <span class='ocrx_word' id='word_1_2' title='bbox 245 314 371 398; x_wconf 83' lang='grc' dir='ltr'><strong><em>Φάβιος</em></strong></span> <span class='ocrx_word' id='word_1_3' title='bbox 397 313 642 395; x_wconf 78' lang='grc' dir='ltr'><strong><em>ὁκαλούμενος</em></strong></span> <span class='ocrx_word' id='word_1_4' title='bbox 667 312 874 396; x_wconf 79' lang='grc' dir='ltr'><strong><em>Οὐιβολανδς</em></strong></span> <span class='ocrx_word' id='word_1_5' title='bbox 901 311 919 378; x_wconf 92' lang='grc' dir='ltr'>ὁ</span> <span class='ocrx_word' id='word_1_6' title='bbox 941 311 1014 398; x_wconf 85' lang='grc' dir='ltr'><strong><em>τρίς</em></strong></span> <span class='ocrx_word' id='word_1_7' title='bbox 1035 310 1177 376; x_wconf 83' lang='grc' dir='ltr'><strong><em>ὑπατεύ-</em></strong></span> 
     </span>
    </p>

    <p class='ocr_par' dir='ltr' id='par_1_2' title="bbox 157 413 1323 720">
     <span class='ocr_line' id='line_1_2' title="bbox 158 413 1323 508; baseline -0.002 -21"><span class='ocrx_word' id='word_1_8' title='bbox 158 437 233 505; x_wconf 88' lang='grc' dir='ltr'><strong><em>σας,</em></strong></span> <span class='ocrx_word' id='word_1_9' title='bbox 270 417 356 508; x_wconf 79' lang='grc' dir='ltr'><strong><em>ἀνὴρ</em></strong></span> <span class='ocrx_word' id='word_1_10' title='bbox 393 419 615 505; x_wconf 75' lang='grc' dir='ltr'><strong><em>ἀνεπίληπτος</em></strong></span> <span class='ocrx_word' id='word_1_11' title='bbox 650 420 698 498; x_wconf 88' lang='grc' dir='ltr'><strong><em>είς</em></strong></span> <span class='ocrx_word' id='word_1_12' title='bbox 733 419 809 485; x_wconf 88' lang='grc' dir='ltr'><strong><em>τόδε</em></strong></span> <span class='ocrx_word' id='word_1_13' title='bbox 842 415 968 505; x_wconf 80' lang='grc' dir='ltr'><strong><em>χρόνον</em></strong></span> <span class='ocrx_word' id='word_1_14' title='bbox 998 413 1178 502; x_wconf 76' lang='grc' dir='ltr'><strong><em>γενόμενος</em></strong></span> <span class='ocrx_word' id='word_1_15' title='bbox 1312 453 1323 485; x_wconf 66' lang='grc' dir='ltr'><strong><em>ι</em></strong></span> 
     </span>
     <span class='ocr_line' id='line_1_3' title="bbox 157 487 1323 613; baseline -0.006 -19"><span class='ocrx_word' id='word_1_16' title='bbox 157 529 234 613; x_wconf 83' lang='grc' dir='ltr'><strong><em>περὶ</em></strong></span> <span class='ocrx_word' id='word_1_17' title='bbox 256 537 367 594; x_wconf 80' lang='grc' dir='ltr'><strong><em>πᾶσαν</em></strong></span> <span class='ocrx_word' id='word_1_18' title='bbox 390 524 522 613; x_wconf 81' lang='grc' dir='ltr'><strong><em>ιἰρετην·</em></strong></span> <span class='ocrx_word' id='word_1_19' title='bbox 554 525 591 593; x_wconf 86' lang='grc' dir='ltr'><strong><em>έκ</em></strong></span> <span class='ocrx_word' id='word_1_20' title='bbox 613 526 651 608; x_wconf 72' lang='grc' dir='ltr'><strong><em>δέ</em></strong></span> <span class='ocrx_word' id='word_1_21' title='bbox 672 537 741 592; x_wconf 83' lang='grc' dir='ltr'><strong><em>τῶν</em></strong></span> <span class='ocrx_word' id='word_1_22' title='bbox 763 527 874 592; x_wconf 74' lang='grc' dir='ltr'><strong><em>ἄλλων</em></strong></span> <span class='ocrx_word' id='word_1_23' title='bbox 896 527 1089 612; x_wconf 74' lang='grc' dir='ltr'><strong><em>πατρικίων,</em></strong></span> <span class='ocrx_word' id='word_1_24' title='bbox 1118 525 1179 602; x_wconf 81' lang='grc' dir='ltr'><strong><em>οὓς</em></strong></span> <span class='ocrx_word' id='word_1_25' title='bbox 1320 487 1323 576; x_wconf 69' lang='grc' dir='ltr'><strong><em>ί</em></strong></span> 
     </span>
     <span class='ocr_line' id='line_1_4' title="bbox 158 632 1262 720; baseline -0.002 -18"><span class='ocrx_word' id='word_1_26' title='bbox 158 635 284 713; x_wconf 75' lang='grc' dir='ltr'><strong><em>ἐκεῖνος</em></strong></span> <span class='ocrx_word' id='word_1_27' title='bbox 312 635 488 720; x_wconf 76' lang='grc' dir='ltr'><strong><em>ἠσπάζετο,</em></strong></span> <span class='ocrx_word' id='word_1_28' title='bbox 516 635 678 720; x_wconf 79' lang='grc' dir='ltr'><strong><em>(Μάρκος</em></strong></span> <span class='ocrx_word' id='word_1_29' title='bbox 707 637 896 719; x_wconf 83' lang='grc' dir='ltr'><strong><em>Κορνήλιος</em></strong></span> <span class='ocrx_word' id='word_1_30' title='bbox 926 633 1003 711; x_wconf 76' lang='grc' dir='ltr'><strong><em>καί)</em></strong></span> <span class='ocrx_word' id='word_1_31' title='bbox 1037 632 1262 719; x_wconf 75' lang='grc' dir='ltr'><strong><em>Μέρκοςνιαε</em></strong></span> 
     </span>
    </p>
   </div>
   <div class='ocr_carea' id='block_1_2' title="bbox 161 189 743 254">
    <p class='ocr_par' dir='ltr' id='par_1_3' title="bbox 161 63 1323 460">
     <span class='ocr_line' id='line_1_5' title="bbox 161 189 743 254; baseline -0.003 0"><span class='ocrx_word' id='word_1_32' title='bbox 161 189 224 254; x_wconf 90' lang='grc'><strong><em>106</em></strong></span> <span class='ocrx_word' id='word_1_33' title='bbox 587 189 743 239; x_wconf 85' lang='lat'><strong><em>-1—</em></strong></span> 
     </span>
    </p>
   </div>
   <div class='ocr_carea' id='block_1_3' title="bbox 112 737 1323 3076">
    <p class='ocr_par' dir='ltr' id='par_1_4' title="bbox 124 737 1178 829">
     <span class='ocr_line' id='line_1_6' title="bbox 124 737 1178 829; baseline -0.004 -21"><span class='ocrx_word' id='word_1_34' title='bbox 124 742 301 829; x_wconf 79' lang='grc' dir='ltr'><strong><em>ιΣέρμιος</em></strong></span> <span class='ocrx_word' id='word_1_35' title='bbox 331 743 388 808; x_wconf 83' lang='grc' dir='ltr'><strong><em>καί</em></strong></span> <span class='ocrx_word' id='word_1_36' title='bbox 419 743 561 819; x_wconf 84' lang='grc' dir='ltr'><strong><em>Λεύκιος</em></strong></span> <span class='ocrx_word' id='word_1_37' title='bbox 592 741 769 826; x_wconf 77' lang='grc' dir='ltr'><strong><em>Μηνύκιος</em></strong></span> <span class='ocrx_word' id='word_1_38' title='bbox 799 741 856 806; x_wconf 82' lang='grc' dir='ltr'><strong><em>καί</em></strong></span> <span class='ocrx_word' id='word_1_39' title='bbox 890 741 985 816; x_wconf 91' lang='grc' dir='ltr'><strong><em>Τίτος</em></strong></span> <span class='ocrx_word' id='word_1_40' title='bbox 1003 737 1178 815; x_wconf 78' lang='grc' dir='ltr'><strong><em>Ἀντώνιος</em></strong></span> 
     </span>
    </p>

    <p class='ocr_par' dir='ltr' id='par_1_5' title="bbox 124 844 1178 1256">
     <span class='ocr_line' id='line_1_7' title="bbox 124 844 1177 934; baseline 0 -24"><span class='ocrx_word' id='word_1_41' title='bbox 124 861 139 910; x_wconf 69' lang='lat' dir='ltr'><strong><em>&#39;z</em></strong></span> <span class='ocrx_word' id='word_1_42' title='bbox 157 850 213 916; x_wconf 82' lang='grc' dir='ltr'><strong><em>καί</em></strong></span> <span class='ocrx_word' id='word_1_43' title='bbox 245 849 378 927; x_wconf 81' lang='grc' dir='ltr'><strong><em>Μάνιος</em></strong></span> <span class='ocrx_word' id='word_1_44' title='bbox 404 847 607 934; x_wconf 79' lang='grc' dir='ltr'><strong><em>Ῥαβολήιος,</em></strong></span> <span class='ocrx_word' id='word_1_45' title='bbox 648 847 769 934; x_wconf 74' lang='grc' dir='ltr'><strong><em>ἄνδρες</em></strong></span> <span class='ocrx_word' id='word_1_46' title='bbox 799 847 840 912; x_wconf 78' lang='grc' dir='ltr'><strong><em>οὐ</em></strong></span> <span class='ocrx_word' id='word_1_47' title='bbox 872 846 961 912; x_wconf 77' lang='grc' dir='ltr'><strong><em>πάνυ</em></strong></span> <span class='ocrx_word' id='word_1_48' title='bbox 993 844 1177 930; x_wconf 79' lang='grc' dir='ltr'><strong><em>ἐπιφανείς·</em></strong></span> 
     </span>
     <span class='ocr_line' id='line_1_8' title="bbox 157 953 1178 1041; baseline -0.005 -18"><span class='ocrx_word' id='word_1_49' title='bbox 157 955 194 1023; x_wconf 81' lang='grc' dir='ltr'><strong><em>ἐκ</em></strong></span> <span class='ocrx_word' id='word_1_50' title='bbox 217 955 255 1021; x_wconf 79' lang='grc' dir='ltr'><strong><em>δὲ</em></strong></span> <span class='ocrx_word' id='word_1_51' title='bbox 279 966 346 1021; x_wconf 84' lang='grc' dir='ltr'><strong><em>τῶν</em></strong></span> <span class='ocrx_word' id='word_1_52' title='bbox 369 957 555 1041; x_wconf 76' lang='grc' dir='ltr'><strong><em>δημοτικῶν</em></strong></span> <span class='ocrx_word' id='word_1_53' title='bbox 578 957 723 1032; x_wconf 84' lang='grc' dir='ltr'><strong><em>Κόιντος</em></strong></span> <span class='ocrx_word' id='word_1_54' title='bbox 744 953 940 1030; x_wconf 85' lang='grc' dir='ltr'><strong><em>Ποιτέλλιος</em></strong></span> <span class='ocrx_word' id='word_1_55' title='bbox 961 953 1017 1018; x_wconf 78' lang='grc' dir='ltr'><strong><em>καί</em></strong></span> <span class='ocrx_word' id='word_1_56' title='bbox 1039 955 1178 1019; x_wconf 83' lang='grc' dir='ltr'><strong><em>Καίσων</em></strong></span> 
     </span>
     <span class='ocr_line' id='line_1_9' title="bbox 158 1060 1177 1149; baseline -0.003 -21"><span class='ocrx_word' id='word_1_57' title='bbox 158 1061 342 1141; x_wconf 83' lang='grc' dir='ltr'><strong><em>Δονίλλιος</em></strong></span> <span class='ocrx_word' id='word_1_58' title='bbox 363 1063 419 1128; x_wconf 84' lang='grc' dir='ltr'><strong><em>καί</em></strong></span> <span class='ocrx_word' id='word_1_59' title='bbox 446 1065 595 1149; x_wconf 79' lang='grc' dir='ltr'><strong><em>Σπόριος</em></strong></span> <span class='ocrx_word' id='word_1_60' title='bbox 613 1060 768 1140; x_wconf 81' lang='grc' dir='ltr'><strong><em>Ὄππιος·</em></strong></span> <span class='ocrx_word' id='word_1_61' title='bbox 800 1063 1086 1148; x_wconf 74' lang='grc' dir='ltr'><strong><em>προσελήφθησαν</em></strong></span> <span class='ocrx_word' id='word_1_62' title='bbox 1113 1062 1177 1144; x_wconf 71' lang='grc' dir='ltr'><strong><em>γὰρ</em></strong></span> 
     </span>
     <span class='ocr_line' id='line_1_10' title="bbox 157 1165 1178 1256; baseline -0.005 -20"><span class='ocrx_word' id='word_1_63' title='bbox 157 1171 213 1236; x_wconf 85' lang='grc' dir='ltr'><strong><em>καί</em></strong></span> <span class='ocrx_word' id='word_1_64' title='bbox 242 1165 335 1236; x_wconf 84' lang='grc' dir='ltr'><strong><em>οὗτοι</em></strong></span> <span class='ocrx_word' id='word_1_65' title='bbox 364 1172 448 1256; x_wconf 89' lang='grc' dir='ltr'><strong><em>πρὸς</em></strong></span> <span class='ocrx_word' id='word_1_66' title='bbox 469 1179 530 1236; x_wconf 82' lang='grc' dir='ltr'><strong><em>τοῦ</em></strong></span> <span class='ocrx_word' id='word_1_67' title='bbox 550 1166 690 1235; x_wconf 87' lang='grc' dir='ltr'><strong><em>Ἀππίοα</em></strong></span> <span class='ocrx_word' id='word_1_68' title='bbox 720 1171 891 1247; x_wconf 81' lang='grc' dir='ltr'><strong><em>κολακείας</em></strong></span> <span class='ocrx_word' id='word_1_69' title='bbox 914 1167 1011 1236; x_wconf 75' lang='grc' dir='ltr'><strong><em>ἕνεκα</em></strong></span> <span class='ocrx_word' id='word_1_70' title='bbox 1032 1178 1100 1234; x_wconf 79' lang='grc' dir='ltr'><strong><em>τῶν</em></strong></span> <span class='ocrx_word' id='word_1_71' title='bbox 1123 1168 1178 1251; x_wconf 89' lang='grc' dir='ltr'><strong><em>δη·</em></strong></span> 
     </span>
    </p>

    <p class='ocr_par' dir='ltr' id='par_1_6' title="bbox 113 1275 1178 1469">
     <span class='ocr_line' id='line_1_11' title="bbox 113 1275 1178 1362; baseline -0.004 -20"><span class='ocrx_word' id='word_1_72' title='bbox 113 1302 139 1342; x_wconf 80' lang='grc' dir='ltr'><strong><em>ιο</em></strong></span> <span class='ocrx_word' id='word_1_73' title='bbox 157 1289 311 1362; x_wconf 81' lang='grc' dir='ltr'><strong><em>μοτικῶν,</em></strong></span> <span class='ocrx_word' id='word_1_74' title='bbox 334 1277 551 1355; x_wconf 74' lang='grc' dir='ltr'><strong><em>διδάσκοντος</em></strong></span> <span class='ocrx_word' id='word_1_75' title='bbox 574 1277 625 1343; x_wconf 87' lang='grc' dir='ltr'><strong><em>ὅτι</em></strong></span> <span class='ocrx_word' id='word_1_76' title='bbox 648 1277 779 1342; x_wconf 84' lang='grc' dir='ltr'><strong><em>δίκαιόν</em></strong></span> <span class='ocrx_word' id='word_1_77' title='bbox 792 1275 862 1342; x_wconf 82' lang='grc' dir='ltr'><strong><em>ἐστι</em></strong></span> <span class='ocrx_word' id='word_1_78' title='bbox 884 1284 961 1358; x_wconf 83' lang='grc' dir='ltr'><strong><em>μιᾶς</em></strong></span> <span class='ocrx_word' id='word_1_79' title='bbox 980 1275 1082 1360; x_wconf 79' lang='grc' dir='ltr'><strong><em>ἀρχῆς</em></strong></span> <span class='ocrx_word' id='word_1_80' title='bbox 1094 1275 1178 1340; x_wconf 82' lang='grc' dir='ltr'><strong><em>κατὰ</em></strong></span> 
     </span>
     <span class='ocr_line' id='line_1_12' title="bbox 157 1377 1178 1469; baseline -0.003 -19"><span class='ocrx_word' id='word_1_81' title='bbox 157 1385 293 1450; x_wconf 80' lang='grc' dir='ltr'><strong><em>πάντων</em></strong></span> <span class='ocrx_word' id='word_1_82' title='bbox 320 1383 602 1469; x_wconf 78' lang='grc' dir='ltr'><strong><em>ἄποδεικννμένης</em></strong></span> <span class='ocrx_word' id='word_1_83' title='bbox 625 1377 714 1450; x_wconf 82' lang='grc' dir='ltr'><strong><em>εἷναί</em></strong></span> <span class='ocrx_word' id='word_1_84' title='bbox 734 1406 766 1448; x_wconf 89' lang='grc' dir='ltr'><strong><em>τι</em></strong></span> <span class='ocrx_word' id='word_1_85' title='bbox 787 1383 843 1449; x_wconf 84' lang='grc' dir='ltr'><strong><em>καί</em></strong></span> <span class='ocrx_word' id='word_1_86' title='bbox 865 1391 925 1448; x_wconf 86' lang='grc' dir='ltr'><strong><em>τοῦ</em></strong></span> <span class='ocrx_word' id='word_1_87' title='bbox 949 1383 1056 1468; x_wconf 76' lang='grc' dir='ltr'><strong><em>δήμου</em></strong></span> <span class='ocrx_word' id='word_1_88' title='bbox 1079 1381 1178 1467; x_wconf 84' lang='grc' dir='ltr'><strong><em>μέρος</em></strong></span> 
     </span>
    </p>

    <p class='ocr_par' dir='ltr' id='par_1_7' title="bbox 117 1487 1259 1792">
     <span class='ocr_line' id='line_1_13' title="bbox 117 1487 1178 1578; baseline -0.006 -18"><span class='ocrx_word' id='word_1_89' title='bbox 117 1491 195 1560; x_wconf 73' lang='grc' dir='ltr'><strong><em>δέν</em></strong></span> <span class='ocrx_word' id='word_1_90' title='bbox 217 1493 311 1578; x_wconf 73' lang='grc' dir='ltr'><strong><em>αὐτῇ.</em></strong></span> <span class='ocrx_word' id='word_1_91' title='bbox 353 1492 539 1574; x_wconf 78' lang='grc' dir='ltr'><strong><em>εὐδοκιμῶν</em></strong></span> <span class='ocrx_word' id='word_1_92' title='bbox 562 1487 592 1556; x_wconf 86' lang='grc' dir='ltr'><strong><em>δ’</em></strong></span> <span class='ocrx_word' id='word_1_93' title='bbox 619 1488 673 1576; x_wconf 81' lang='grc' dir='ltr'><strong><em>ἐφ’</em></strong></span> <span class='ocrx_word' id='word_1_94' title='bbox 692 1491 800 1556; x_wconf 82' lang='grc' dir='ltr'><strong><em>’ἅπασι</em></strong></span> <span class='ocrx_word' id='word_1_95' title='bbox 826 1489 957 1573; x_wconf 83' lang='grc' dir='ltr'><strong><em>τούτοις</em></strong></span> <span class='ocrx_word' id='word_1_96' title='bbox 985 1489 1041 1555; x_wconf 84' lang='grc' dir='ltr'><strong><em>καί</em></strong></span> <span class='ocrx_word' id='word_1_97' title='bbox 1068 1489 1178 1554; x_wconf 77' lang='grc' dir='ltr'><strong><em>δοκῶν</em></strong></span> 
     </span>
     <span class='ocr_line' id='line_1_14' title="bbox 156 1592 1259 1684; baseline -0.002 -20"><span class='ocrx_word' id='word_1_98' title='bbox 156 1599 330 1684; x_wconf 78' lang='grc' dir='ltr'><strong><em>κράτιστος</em></strong></span> <span class='ocrx_word' id='word_1_99' title='bbox 362 1592 448 1678; x_wconf 74' lang='grc' dir='ltr'><strong><em>εἶναι</em></strong></span> <span class='ocrx_word' id='word_1_100' title='bbox 479 1597 644 1681; x_wconf 79' lang='grc' dir='ltr'><strong><em>βασιλέων</em></strong></span> <span class='ocrx_word' id='word_1_101' title='bbox 675 1621 711 1664; x_wconf 87' lang='grc' dir='ltr'><strong><em>τε</em></strong></span> <span class='ocrx_word' id='word_1_102' title='bbox 742 1599 798 1664; x_wconf 81' lang='grc' dir='ltr'><strong><em>καί</em></strong></span> <span class='ocrx_word' id='word_1_103' title='bbox 828 1608 897 1664; x_wconf 79' lang='grc' dir='ltr'><strong><em>τῶν</em></strong></span> <span class='ocrx_word' id='word_1_104' title='bbox 927 1596 998 1662; x_wconf 89' lang='grc' dir='ltr'><strong><em>κατ’</em></strong></span> <span class='ocrx_word' id='word_1_105' title='bbox 1022 1595 1177 1662; x_wconf 78' lang='grc' dir='ltr'><strong><em>ἐνιαυτὸν</em></strong></span> <span class='ocrx_word' id='word_1_106' title='bbox 1187 1614 1259 1663; x_wconf 79' lang='lat'>2149</span> 
     </span>
     <span class='ocr_line' id='line_1_15' title="bbox 156 1703 1178 1792; baseline -0.005 -20"><span class='ocrx_word' id='word_1_107' title='bbox 156 1705 374 1792; x_wconf 77' lang='grc' dir='ltr'><strong><em>ἡγησαμένων</em></strong></span> <span class='ocrx_word' id='word_1_108' title='bbox 418 1715 476 1790; x_wconf 78' lang='grc' dir='ltr'><strong><em>τῆς</em></strong></span> <span class='ocrx_word' id='word_1_109' title='bbox 516 1707 643 1783; x_wconf 85' lang='grc' dir='ltr'><strong><em>πόλεως</em></strong></span> <span class='ocrx_word' id='word_1_110' title='bbox 681 1705 931 1791; x_wconf 78' lang='grc' dir='ltr'><strong><em>παραλαμβάνει</em></strong></span> <span class='ocrx_word' id='word_1_111' title='bbox 975 1703 1076 1769; x_wconf 78' lang='grc' dir='ltr'><strong><em>πόλιν</em></strong></span> <span class='ocrx_word' id='word_1_112' title='bbox 1116 1704 1178 1787; x_wconf 82' lang='grc' dir='ltr'><strong><em>την</em></strong></span> 
     </span>
    </p>

    <p class='ocr_par' dir='ltr' id='par_1_8' title="bbox 113 1797 1323 2110">
     <span class='ocr_line' id='line_1_16' title="bbox 113 1797 1323 1898; baseline -0.002 -23"><span class='ocrx_word' id='word_1_113' title='bbox 113 1830 138 1875; x_wconf 77' lang='lat'><strong><em>1⁶</em></strong></span> <span class='ocrx_word' id='word_1_114' title='bbox 158 1813 264 1898; x_wconf 79' lang='grc' dir='ltr'><strong><em>ἀρχὴν</em></strong></span> <span class='ocrx_word' id='word_1_115' title='bbox 293 1814 341 1890; x_wconf 85' lang='grc' dir='ltr'><strong><em>είς</em></strong></span> <span class='ocrx_word' id='word_1_116' title='bbox 370 1813 430 1878; x_wconf 88' lang='grc' dir='ltr'><strong><em>τὸν</em></strong></span> <span class='ocrx_word' id='word_1_117' title='bbox 459 1811 595 1878; x_wconf 80' lang='grc' dir='ltr'><strong><em>ἐπιόντα</em></strong></span> <span class='ocrx_word' id='word_1_118' title='bbox 625 1810 787 1878; x_wconf 85' lang='grc' dir='ltr'><strong><em>ένιαντόν.</em></strong></span> <span class='ocrx_word' id='word_1_119' title='bbox 828 1821 936 1878; x_wconf 81' lang='grc' dir='ltr'><strong><em>ταῦτα</em></strong></span> <span class='ocrx_word' id='word_1_120' title='bbox 957 1834 1018 1876; x_wconf 92' lang='grc' dir='ltr'><strong><em>κατ</em></strong></span> <span class='ocrx_word' id='word_1_121' title='bbox 1019 1807 1178 1893; x_wconf 79' lang='grc' dir='ltr'><strong><em>’ἐκείνην</em></strong></span> <span class='ocrx_word' id='word_1_122' title='bbox 1235 1839 1237 1861; x_wconf 74' lang='lat'>1</span> <span class='ocrx_word' id='word_1_123' title='bbox 1322 1797 1323 1838; x_wconf 62' lang='lat'>³</span> 
     </span>
     <span class='ocr_line' id='line_1_17' title="bbox 157 1897 1323 2038; baseline -0.005 -51"><span class='ocrx_word' id='word_1_124' title='bbox 157 1919 309 2005; x_wconf 73' lang='grc' dir='ltr'><strong><em>ἐπράχθη</em></strong></span> <span class='ocrx_word' id='word_1_125' title='bbox 327 1920 389 2004; x_wconf 83' lang='grc' dir='ltr'><strong><em>την</em></strong></span> <span class='ocrx_word' id='word_1_126' title='bbox 407 1919 628 2005; x_wconf 76' lang='grc' dir='ltr'><strong><em>δεκαδαρχίαν</em></strong></span> <span class='ocrx_word' id='word_1_127' title='bbox 646 1919 712 1986; x_wconf 85' lang='grc' dir='ltr'><strong><em>ὑπὸ</em></strong></span> <span class='ocrx_word' id='word_1_128' title='bbox 722 1917 898 2038; x_wconf 80' lang='grc' dir='ltr'><strong><em>Ρωμαίιον,</em></strong></span> <span class='ocrx_word' id='word_1_129' title='bbox 921 1920 1002 1984; x_wconf 77' lang='grc' dir='ltr'><strong><em>ἄλλο</em></strong></span> <span class='ocrx_word' id='word_1_130' title='bbox 1022 1917 1053 1982; x_wconf 88' lang='grc' dir='ltr'><strong><em>δ’</em></strong></span> <span class='ocrx_word' id='word_1_131' title='bbox 1070 1917 1178 1982; x_wconf 77' lang='grc' dir='ltr'><strong><em>οὐδὲν</em></strong></span> <span class='ocrx_word' id='word_1_132' title='bbox 1322 1897 1323 1912; x_wconf 34' lang='lat'>¹</span> 
     </span>
     <span class='ocr_line' id='line_1_18' title="bbox 157 2023 559 2110; baseline -0.005 -16"><span class='ocrx_word' id='word_1_133' title='bbox 157 2028 175 2094; x_wconf 83' lang='grc' dir='ltr'><strong><em>δ</em></strong></span> <span class='ocrx_word' id='word_1_134' title='bbox 198 2051 230 2092; x_wconf 92' lang='grc' dir='ltr'><strong><em>τι</em></strong></span> <span class='ocrx_word' id='word_1_135' title='bbox 252 2027 308 2093; x_wconf 83' lang='grc' dir='ltr'><strong><em>καί</em></strong></span> <span class='ocrx_word' id='word_1_136' title='bbox 331 2029 433 2110; x_wconf 78' lang='grc' dir='ltr'><strong><em>λόγου</em></strong></span> <span class='ocrx_word' id='word_1_137' title='bbox 457 2023 559 2105; x_wconf 77' lang='grc' dir='ltr'><strong><em>ἄξιον.</em></strong></span> 
     </span>
    </p>

    <p class='ocr_par' dir='ltr' id='par_1_9' title="bbox 228 2049 1177 2220">
     <span class='ocr_line' id='line_1_19' title="bbox 228 2049 1177 2220; baseline -0.002 -20"><span class='ocrx_word' id='word_1_138' title='bbox 228 2133 358 2202; x_wconf 88' lang='lat' dir='ltr'>LVIIH.</span> <span class='ocrx_word' id='word_1_139' title='bbox 390 2131 448 2200; x_wconf 84' lang='grc' dir='ltr'><strong><em>Ἐν</em></strong></span> <span class='ocrx_word' id='word_1_140' title='bbox 471 2133 509 2200; x_wconf 77' lang='grc' dir='ltr'><strong><em>δὲ</em></strong></span> <span class='ocrx_word' id='word_1_141' title='bbox 530 2145 576 2220; x_wconf 77' lang='grc' dir='ltr'><strong><em>τῷ</em></strong></span> <span class='ocrx_word' id='word_1_142' title='bbox 599 2130 781 2200; x_wconf 86' lang='grc' dir='ltr'><strong><em>κατόπιν</em></strong></span> <span class='ocrx_word' id='word_1_143' title='bbox 762 2156 827 2200; x_wconf 83' lang='grc' dir='ltr'><strong><em>ετει</em></strong></span> <span class='ocrx_word' id='word_1_144' title='bbox 827 2087 1097 2218; x_wconf 82' lang='grc' dir='ltr'><strong><em>παραλαβόντες</em></strong></span> <span class='ocrx_word' id='word_1_145' title='bbox 1115 2049 1177 2218; x_wconf 75' lang='grc' dir='ltr'><strong><em>την</em></strong></span> 
     </span>
    </p>

    <p class='ocr_par' dir='ltr' id='par_1_10' title="bbox 155 2235 1177 2328">
     <span class='ocr_line' id='line_1_20' title="bbox 155 2235 1177 2328; baseline -0.001 -20"><span class='ocrx_word' id='word_1_146' title='bbox 155 2241 320 2328; x_wconf 82' lang='grc' dir='ltr'><strong><em>ὑπατικην</em></strong></span> <span class='ocrx_word' id='word_1_147' title='bbox 361 2240 515 2320; x_wconf 79' lang='grc' dir='ltr'><strong><em>ἐξουσίαν</em></strong></span> <span class='ocrx_word' id='word_1_148' title='bbox 557 2242 589 2306; x_wconf 87' lang='grc' dir='ltr'><strong><em>ολ</em></strong></span> <span class='ocrx_word' id='word_1_149' title='bbox 630 2242 695 2305; x_wconf 85' lang='grc' dir='ltr'><strong><em>σὺν</em></strong></span> <span class='ocrx_word' id='word_1_150' title='bbox 729 2237 855 2328; x_wconf 80' lang='grc' dir='ltr'><strong><em>Ἀππίῳ</em></strong></span> <span class='ocrx_word' id='word_1_151' title='bbox 815 2235 1044 2308; x_wconf 83' lang='grc' dir='ltr'><strong><em>ίΚλανδί</em></strong></span> <span class='ocrx_word' id='word_1_152' title='bbox 1016 2242 1055 2328; x_wconf 82' lang='grc' dir='ltr'><strong><em>ίηι</em></strong></span> <span class='ocrx_word' id='word_1_153' title='bbox 1097 2239 1177 2307; x_wconf 87' lang='grc' dir='ltr'><strong><em>δέκα</em></strong></span> 
     </span>
    </p>

    <p class='ocr_par' dir='ltr' id='par_1_11' title="bbox 112 2344 1177 2540">
     <span class='ocr_line' id='line_1_21' title="bbox 112 2344 1177 2434; baseline 0.001 -23"><span class='ocrx_word' id='word_1_154' title='bbox 112 2369 138 2408; x_wconf 74' lang='grc' dir='ltr'><strong><em>ιο</em></strong></span> <span class='ocrx_word' id='word_1_155' title='bbox 156 2351 277 2434; x_wconf 72' lang='grc' dir='ltr'><strong><em>ἄνδρες</em></strong></span> <span class='ocrx_word' id='word_1_156' title='bbox 309 2350 411 2426; x_wconf 83' lang='grc' dir='ltr'><strong><em>είδοίς</em></strong></span> <span class='ocrx_word' id='word_1_157' title='bbox 442 2351 568 2432; x_wconf 83' lang='grc' dir='ltr'><strong><em>μαίαις,</em></strong></span> <span class='ocrx_word' id='word_1_158' title='bbox 599 2344 684 2432; x_wconf 76' lang='grc' dir='ltr'><strong><em>ἦγον</em></strong></span> <span class='ocrx_word' id='word_1_159' title='bbox 714 2347 752 2413; x_wconf 78' lang='grc' dir='ltr'><strong><em>δδ</em></strong></span> <span class='ocrx_word' id='word_1_160' title='bbox 777 2350 856 2426; x_wconf 83' lang='grc' dir='ltr'><strong><em>’τοὺς</em></strong></span> <span class='ocrx_word' id='word_1_161' title='bbox 883 2371 988 2434; x_wconf 90' lang='grc' dir='ltr'><strong><em>μηνας</em></strong></span> <span class='ocrx_word' id='word_1_162' title='bbox 1014 2349 1097 2414; x_wconf 77' lang='grc' dir='ltr'><strong><em>κατὰ</em></strong></span> <span class='ocrx_word' id='word_1_163' title='bbox 1124 2364 1177 2412; x_wconf 90' lang='grc' dir='ltr'><strong><em>σε-</em></strong></span> 
     </span>
     <span class='ocr_line' id='line_1_22' title="bbox 157 2454 1176 2540; baseline -0.001 -19"><span class='ocrx_word' id='word_1_164' title='bbox 157 2459 344 2540; x_wconf 80' lang='grc' dir='ltr'><strong><em>ληνην,κα</em></strong></span> <span class='ocrx_word' id='word_1_165' title='bbox 302 2455 591 2522; x_wconf 80' lang='grc' dir='ltr'><strong><em>καίσννέπιπτεν</em></strong></span> <span class='ocrx_word' id='word_1_166' title='bbox 618 2457 666 2532; x_wconf 86' lang='grc' dir='ltr'><strong><em>είς</em></strong></span> <span class='ocrx_word' id='word_1_167' title='bbox 692 2456 750 2532; x_wconf 93' lang='grc' dir='ltr'><strong><em>τας</em></strong></span> <span class='ocrx_word' id='word_1_168' title='bbox 777 2455 889 2532; x_wconf 82' lang='grc' dir='ltr'><strong><em>εἰδοὺς</em></strong></span> <span class='ocrx_word' id='word_1_169' title='bbox 914 2455 933 2538; x_wconf 78' lang='grc' dir='ltr'><strong>ἡ</strong></span> <span class='ocrx_word' id='word_1_170' title='bbox 957 2454 1176 2539; x_wconf 82' lang='grc' dir='ltr'><strong><em>πανσέληνος·</em></strong></span> 
     </span>
    </p>

    <p class='ocr_par' dir='ltr' id='par_1_12' title="bbox 117 2561 1178 2865">
     <span class='ocr_line' id='line_1_23' title="bbox 117 2561 1178 2647; baseline 0 -21"><span class='ocrx_word' id='word_1_171' title='bbox 117 2561 271 2645; x_wconf 67' lang='grc' dir='ltr'><strong><em>ἳπρῶτα</em></strong></span> <span class='ocrx_word' id='word_1_172' title='bbox 299 2561 361 2644; x_wconf 70' lang='grc' dir='ltr'><strong><em>μὲν</em></strong></span> <span class='ocrx_word' id='word_1_173' title='bbox 388 2562 484 2647; x_wconf 82' lang='grc' dir='ltr'><strong><em>ὅρκια</em></strong></span> <span class='ocrx_word' id='word_1_174' title='bbox 510 2563 663 2644; x_wconf 85' lang='grc' dir='ltr'><strong><em>τεμόντες</em></strong></span> <span class='ocrx_word' id='word_1_175' title='bbox 690 2561 860 2646; x_wconf 77' lang='grc' dir='ltr'><strong><em>ἀπόρρητα</em></strong></span> <span class='ocrx_word' id='word_1_176' title='bbox 881 2571 927 2647; x_wconf 77' lang='grc' dir='ltr'><strong><em>τῷ</em></strong></span> <span class='ocrx_word' id='word_1_177' title='bbox 951 2565 1074 2646; x_wconf 74' lang='grc' dir='ltr'><strong><em>πλήθει</em></strong></span> <span class='ocrx_word' id='word_1_178' title='bbox 1097 2577 1178 2627; x_wconf 85' lang='grc' dir='ltr'><strong><em>συν-</em></strong></span> 
     </span>
     <span class='ocr_line' id='line_1_24' title="bbox 156 2664 1176 2755; baseline 0.002 -23"><span class='ocrx_word' id='word_1_179' title='bbox 156 2671 264 2751; x_wconf 72' lang='grc' dir='ltr'><strong><em>θήκας</em></strong></span> <span class='ocrx_word' id='word_1_180' title='bbox 293 2669 412 2752; x_wconf 81' lang='grc' dir='ltr'><strong><em>σφίσιν</em></strong></span> <span class='ocrx_word' id='word_1_181' title='bbox 446 2667 574 2744; x_wconf 76' lang='grc' dir='ltr'><strong><em>αὐτοῖς,</em></strong></span> <span class='ocrx_word' id='word_1_182' title='bbox 591 2664 709 2732; x_wconf 77' lang='grc' dir='ltr'><strong><em>έδεντο</em></strong></span> <span class='ocrx_word' id='word_1_183' title='bbox 741 2667 818 2753; x_wconf 81' lang='grc' dir='ltr'><strong><em>περί</em></strong></span> <span class='ocrx_word' id='word_1_184' title='bbox 848 2669 991 2755; x_wconf 88' lang='grc' dir='ltr'><strong><em>μηδενὸς</em></strong></span> <span class='ocrx_word' id='word_1_185' title='bbox 1022 2667 1176 2754; x_wconf 75' lang='grc' dir='ltr'><strong><em>ἀλληλοις</em></strong></span> 
     </span>
     <span class='ocr_line' id='line_1_25' title="bbox 157 2765 1173 2865; baseline 0 -25"><span class='ocrx_word' id='word_1_186' title='bbox 157 2773 410 2858; x_wconf 79' lang='grc' dir='ltr'><strong><em>ἐναντιοῦσθαι,</em></strong></span> <span class='ocrx_word' id='word_1_187' title='bbox 433 2774 451 2840; x_wconf 81' lang='grc' dir='ltr'>ὅ</span> <span class='ocrx_word' id='word_1_188' title='bbox 474 2796 507 2838; x_wconf 86' lang='grc' dir='ltr'><strong><em>τι</em></strong></span> <span class='ocrx_word' id='word_1_189' title='bbox 525 2773 556 2838; x_wconf 87' lang='grc' dir='ltr'><strong><em>δ’</em></strong></span> <span class='ocrx_word' id='word_1_190' title='bbox 573 2772 615 2838; x_wconf 77' lang='grc' dir='ltr'><strong><em>δν</em></strong></span> <span class='ocrx_word' id='word_1_191' title='bbox 633 2765 690 2852; x_wconf 79' lang='grc' dir='ltr'><strong><em>εἷς·</em></strong></span> <span class='ocrx_word' id='word_1_192' title='bbox 701 2772 734 2852; x_wconf 82' lang='grc' dir='ltr'><strong><em>ἐξ</em></strong></span> <span class='ocrx_word' id='word_1_193' title='bbox 753 2775 865 2840; x_wconf 81' lang='grc' dir='ltr'><strong><em>αὐτῶν</em></strong></span> <span class='ocrx_word' id='word_1_194' title='bbox 879 2775 1053 2865; x_wconf 75' lang='grc' dir='ltr'><strong><em>δικαιώσῃ,</em></strong></span> <span class='ocrx_word' id='word_1_195' title='bbox 1075 2773 1173 2842; x_wconf 75' lang='grc' dir='ltr'><strong><em>τοῦδ’</em></strong></span> 
     </span>
    </p>

    <p class='ocr_par' dir='ltr' id='par_1_13' title="bbox 113 2878 1177 3076">
     <span class='ocr_line' id='line_1_26' title="bbox 113 2878 1177 2966; baseline 0.004 -24"><span class='ocrx_word' id='word_1_196' title='bbox 113 2901 138 2942; x_wconf 81' lang='grc' dir='ltr'><strong><em>ει</em></strong></span> <span class='ocrx_word' id='word_1_197' title='bbox 157 2882 300 2960; x_wconf 79' lang='grc' dir='ltr'><strong><em>ἅπαντες</em></strong></span> <span class='ocrx_word' id='word_1_198' title='bbox 327 2882 485 2966; x_wconf 76' lang='grc' dir='ltr'><strong><em>ἡγεῖσθαι</em></strong></span> <span class='ocrx_word' id='word_1_199' title='bbox 515 2880 634 2965; x_wconf 87' lang='grc' dir='ltr'><strong><em>κόριον</em></strong></span> <span class='ocrx_word' id='word_1_200' title='bbox 663 2884 725 2965; x_wconf 79' lang='grc' dir='ltr'><strong><em>τήν</em></strong></span> <span class='ocrx_word' id='word_1_201' title='bbox 752 2878 780 2946; x_wconf 87' lang='grc' dir='ltr'><strong><em>τ’</em></strong></span> <span class='ocrx_word' id='word_1_202' title='bbox 803 2880 908 2966; x_wconf 77' lang='grc' dir='ltr'><strong><em>ἀρχὴν</em></strong></span> <span class='ocrx_word' id='word_1_203' title='bbox 937 2879 1093 2960; x_wconf 77' lang='grc' dir='ltr'><strong><em>καθέξειν</em></strong></span> <span class='ocrx_word' id='word_1_204' title='bbox 1120 2883 1177 2946; x_wconf 78' lang='grc' dir='ltr'><strong><em>διὰ</em></strong></span> 
     </span>
     <span class='ocr_line' id='line_1_27' title="bbox 157 2987 1177 3076; baseline -0.001 -21"><span class='ocrx_word' id='word_1_205' title='bbox 157 2992 235 3073; x_wconf 85' lang='grc' dir='ltr'><strong><em>βίον</em></strong></span> <span class='ocrx_word' id='word_1_206' title='bbox 267 2989 322 3055; x_wconf 84' lang='grc' dir='ltr'><strong><em>καί</em></strong></span> <span class='ocrx_word' id='word_1_207' title='bbox 353 2987 480 3073; x_wconf 90' lang='grc' dir='ltr'><strong><em>μηδένα</em></strong></span> <span class='ocrx_word' id='word_1_208' title='bbox 511 2987 725 3074; x_wconf 74' lang='grc' dir='ltr'><strong><em>παρήσειν“</em></strong></span> <span class='ocrx_word' id='word_1_209' title='bbox 705 3011 818 3074; x_wconf 92' lang='grc' dir='ltr'><strong><em>ετερον</em></strong></span> <span class='ocrx_word' id='word_1_210' title='bbox 849 2987 904 3054; x_wconf 83' lang='grc' dir='ltr'><strong><em>έπί</em></strong></span> <span class='ocrx_word' id='word_1_211' title='bbox 933 2989 973 3054; x_wconf 81' lang='grc' dir='ltr'><strong><em>τδι</em></strong></span> <span class='ocrx_word' id='word_1_212' title='bbox 1003 2989 1177 3076; x_wconf 77' lang='grc' dir='ltr'><strong><em>πράγματα</em></strong></span> 
     </span>
    </p>
   </div>
   <div class='ocr_carea' id='block_1_4' title="bbox 158 3127 1178 3414">
    <p class='ocr_par' dir='ltr' id='par_1_14' title="bbox 158 3127 1178 3414">
     <span class='ocr_line' id='line_1_28' title="bbox 228 3127 1178 3200; baseline -0.001 -17"><span class='ocrx_word' id='word_1_213' title='bbox 228 3135 245 3183; x_wconf 88' lang='grc'>4</span> <span class='ocrx_word' id='word_1_214' title='bbox 270 3127 344 3199; x_wconf 80' lang='grc' dir='ltr'><strong><em>μόρα</em></strong></span> <span class='ocrx_word' id='word_1_215' title='bbox 346 3147 418 3191; x_wconf 89' lang='grc' dir='ltr'><strong><em>οςκ</em></strong></span> <span class='ocrx_word' id='word_1_216' title='bbox 401 3128 588 3198; x_wconf 79' lang='grc' dir='ltr'><strong><em>κκορνηλιος</em></strong></span> <span class='ocrx_word' id='word_1_217' title='bbox 590 3127 620 3182; x_wconf 83' lang='grc' dir='ltr'><strong><em>αλ</em></strong></span> <span class='ocrx_word' id='word_1_218' title='bbox 646 3144 706 3182; x_wconf 91' lang='lat' dir='ltr'><strong><em>om.</em></strong></span> <span class='ocrx_word' id='word_1_219' title='bbox 719 3127 771 3181; x_wconf 89' lang='lat' dir='ltr'><strong><em>AB</em></strong></span> <span class='ocrx_word' id='word_1_220' title='bbox 798 3127 862 3183; x_wconf 78' lang='lat' dir='ltr'><strong>add.</strong></span> <span class='ocrx_word' id='word_1_221' title='bbox 885 3127 1008 3198; x_wconf 78' lang='lat' dir='ltr'>Sylburg</span> <span class='ocrx_word' id='word_1_222' title='bbox 1037 3127 1040 3200; x_wconf 77' lang='grc' dir='ltr'>Ι</span> <span class='ocrx_word' id='word_1_223' title='bbox 1070 3128 1178 3197; x_wconf 80' lang='grc' dir='ltr'><strong><em>μοίραις</em></strong></span> 
     </span>
     <span class='ocr_line' id='line_1_29' title="bbox 158 3197 1177 3269; baseline 0 -15"><span class='ocrx_word' id='word_1_224' title='bbox 158 3217 239 3269; x_wconf 87' lang='grc' dir='ltr'><strong><em>σερνο</em></strong></span> <span class='ocrx_word' id='word_1_225' title='bbox 241 3197 310 3262; x_wconf 90' lang='grc' dir='ltr'><strong><em>ιλιος</em></strong></span> <span class='ocrx_word' id='word_1_226' title='bbox 335 3220 372 3254; x_wconf 88' lang='grc' dir='ltr'><strong><em>κα</em></strong></span> <span class='ocrx_word' id='word_1_227' title='bbox 373 3200 383 3253; x_wconf 87' lang='grc' dir='ltr'><strong><em>λ</em></strong></span> <span class='ocrx_word' id='word_1_228' title='bbox 409 3199 517 3262; x_wconf 84' lang='grc' dir='ltr'><strong><em>λεόκιος</em></strong></span> <span class='ocrx_word' id='word_1_229' title='bbox 539 3200 592 3254; x_wconf 89' lang='grc' dir='ltr'><strong><em>ΑΒ</em></strong></span> <span class='ocrx_word' id='word_1_230' title='bbox 674 3205 692 3253; x_wconf 81' lang='grc' dir='ltr'><strong><em>δ</em></strong></span> <span class='ocrx_word' id='word_1_231' title='bbox 717 3197 869 3267; x_wconf 86' lang='grc' dir='ltr'><strong><em>σερονίλιος</em></strong></span> <span class='ocrx_word' id='word_1_232' title='bbox 891 3199 943 3253; x_wconf 82' lang='grc' dir='ltr'><strong><em>ΑΒ</em></strong></span> <span class='ocrx_word' id='word_1_233' title='bbox 973 3216 1042 3254; x_wconf 87' lang='lat' dir='ltr'><strong>corr.</strong></span> <span class='ocrx_word' id='word_1_234' title='bbox 1069 3197 1177 3269; x_wconf 82' lang='grc' dir='ltr'><strong><em>οίρηιος</em></strong></span> 
     </span>
     <span class='ocr_line' id='line_1_30' title="bbox 159 3267 1174 3396; baseline -0.001 -71"><span class='ocrx_word' id='word_1_235' title='bbox 159 3271 280 3340; x_wconf 84' lang='lat' dir='ltr'>Sylburg</span> <span class='ocrx_word' id='word_1_236' title='bbox 329 3268 536 3343; x_wconf 73' lang='grc' dir='ltr'><strong><em>δραιβόλοςΟ</em></strong></span> <span class='ocrx_word' id='word_1_237' title='bbox 587 3267 781 3332; x_wconf 73' lang='grc' dir='ltr'><strong><em>Ἱποντέλλιος</em></strong></span> <span class='ocrx_word' id='word_1_238' title='bbox 799 3270 845 3323; x_wconf 92' lang='lat' dir='ltr'><strong><em>Bb</em></strong></span> <span class='ocrx_word' id='word_1_239' title='bbox 896 3273 977 3326; x_wconf 89' lang='grc' dir='ltr'><strong><em>8δοι</em></strong></span> <span class='ocrx_word' id='word_1_240' title='bbox 978 3267 1174 3396; x_wconf 65' lang='grc' dir='ltr'><strong><em>άλιοςΑΒδέΙ</em></strong></span> 
     </span>
     <span class='ocr_line' id='line_1_31' title="bbox 158 3289 1177 3414; baseline -0.001 -18"><span class='ocrx_word' id='word_1_241' title='bbox 158 3289 280 3404; x_wconf 56' lang='grc' dir='ltr'><strong><em>ἄππιοςὲ</em></strong></span> <span class='ocrx_word' id='word_1_242' title='bbox 281 3341 357 3394; x_wconf 86' lang='lat' dir='ltr'><strong><em>ABb</em></strong></span> <span class='ocrx_word' id='word_1_243' title='bbox 423 3348 455 3396; x_wconf 87' lang='grc'><strong><em>16</em></strong></span> <span class='ocrx_word' id='word_1_244' title='bbox 475 3339 530 3397; x_wconf 75' lang='grc' dir='ltr'><strong><em>ὑπὸ</em></strong></span> <span class='ocrx_word' id='word_1_245' title='bbox 549 3342 613 3396; x_wconf 78' lang='lat' dir='ltr'><strong>add.</strong></span> <span class='ocrx_word' id='word_1_246' title='bbox 629 3342 651 3395; x_wconf 93' lang='grc' dir='ltr'>Β</span> <span class='ocrx_word' id='word_1_247' title='bbox 715 3346 750 3395; x_wconf 83' lang='lat'><strong><em>20</em></strong></span> <span class='ocrx_word' id='word_1_248' title='bbox 770 3340 905 3414; x_wconf 84' lang='grc' dir='ltr'><strong><em>&lt;ελ&gt;δοϊς</em></strong></span> <span class='ocrx_word' id='word_1_249' title='bbox 923 3338 975 3411; x_wconf 83' lang='grc' dir='ltr'><strong><em>μέα</em></strong></span> <span class='ocrx_word' id='word_1_250' title='bbox 957 3362 1003 3405; x_wconf 88' lang='grc' dir='ltr'><strong><em>αις</em></strong></span> <span class='ocrx_word' id='word_1_251' title='bbox 1021 3341 1068 3395; x_wconf 92' lang='lat' dir='ltr'><strong><em>Bb</em></strong></span> <span class='ocrx_word' id='word_1_252' title='bbox 1097 3342 1100 3414; x_wconf 66' lang='grc' dir='ltr'><strong><em>λ</em></strong></span> <span class='ocrx_word' id='word_1_253' title='bbox 1130 3339 1177 3410; x_wconf 86' lang='grc' dir='ltr'><strong><em>μέ-</em></strong></span> 
     </span>
    </p>
   </div>
   <div class='ocr_carea' id='block_1_5' title="bbox 159 3427 560 3510">
    <p class='ocr_par' dir='ltr' id='par_1_15' title="bbox 159 3427 560 3510">
     <span class='ocr_line' id='line_1_32' title="bbox 159 3427 560 3510; baseline 0.002 -9"><span class='ocrx_word' id='word_1_254' title='bbox 159 3448 264 3509; x_wconf 86' lang='grc' dir='ltr'><strong><em>σαιςΑ</em></strong></span> <span class='ocrx_word' id='word_1_255' title='bbox 336 3447 408 3502; x_wconf 78' lang='grc'><strong><em>25</em></strong></span> <span class='ocrx_word' id='word_1_256' title='bbox 390 3467 450 3502; x_wconf 88' lang='grc' dir='ltr'><strong><em>οιοιπ</em></strong></span> <span class='ocrx_word' id='word_1_257' title='bbox 451 3427 560 3510; x_wconf 87' lang='grc' dir='ltr'><strong><em>νταςΑ</em></strong></span> 
     </span>
    </p>
   </div>
   <div class='ocr_carea' id='block_1_6' title="bbox 0 0 1336 3932">
    <p class='ocr_par' dir='ltr' id='par_1_16' title="bbox 0 0 1336 3932">
     <span class='ocr_line' id='line_1_33' title="bbox 0 0 1336 3932; baseline 0 0"><span class='ocrx_word' id='word_1_258' title='bbox 0 0 1336 3932; x_wconf 95' lang='lat' dir='ltr'><strong><em> </em></strong></span> 
     </span>
    </p>
   </div>
  </div>
 </body>
</html>
