2668 3922
560 231 594 240 -
631 203 675 255 ΙΕ
712 231 745 241 -
1097 201 1163 267 265

143 331 284 416 σχόντας
312 337 370 413 τῆς
399 329 616 411 συνωμοσίας.
670 324 782 393 ἔπειτα
813 327 1062 413 φιλανθρώπως
1091 325 1164 392 έκά-

144 454 234 514 στοις
257 437 491 519 διαλεγόμενος
513 434 574 512 οὓς
595 435 657 518 μέν
679 433 824 501 ἀπέλυσε
845 445 914 500 τῶν
937 435 1093 519 σημείων,
1120 434 1164 511 ὡς

144 542 187 608 ἀν
208 544 420 629 χαριζόμενος
442 543 505 627 τὴν
527 543 649 627 ἄφεσιν
671 551 730 626 τῆς
751 543 938 628 στρατείας,
968 540 1028 620 οὓς
1054 541 1092 608 δὲ
1118 551 1164 629 τῷ

143 653 330 737 πρεσβευτῇ
358 649 414 716 καλ
440 658 486 738 τῷ
513 649 671 738 χιλιάρχῳ
698 651 870 735 παραδούς
896 648 941 727 ώς
970 647 1026 714 ἐπὶ
1054 650 1165 734 χρείας

143 757 186 842 δη
213 779 306 834 τινας
333 757 567 843 στρατιωτικάς
595 754 760 822 ἀπέλυσεν
782 793 827 804 -
850 750 944 821 οὗτοι
971 755 1002 820 δ’
1018 751 1105 840 ἦσαν
1132 757 1165 820 ολ
1197 774 1209 815 ι

143 865 365 950 πονηρότατοι
387 863 443 928 καί
466 863 528 948 ούχ
551 861 774 946 ὑπομένοντες
797 861 960 947 ἀφεῖσθαι
986 871 1045 947 τῆς
1067 878 1165 948 στρα-

143 973 232 1048 τείας
254 1006 299 1018 --
321 968 549 1053 ἐντειλάμενος
571 979 642 1047 τοις
663 970 806 1054 ἄγουσιν
829 969 951 1046 αὐτούς
974 971 1022 1046 είς
1039 966 1165 1054 Ῥώμην

144 1078 334 1161 διακομίσαι
356 1077 410 1143 καλ
435 1076 616 1162 φυλάττειν
638 1073 676 1142 ἐν
700 1076 835 1162 ἀδήλοις
859 1082 1038 1162 φυλακαῖς,
1067 1077 1165 1162 χωρί-

18 1263 21 1272 ¹
143 1201 267 1263 σαντας
298 1186 420 1262 ἀλλους
452 1182 508 1249 ἀπ’
534 1185 656 1268 ἀλλων,
692 1183 753 1260 έως
789 1182 832 1248 ἀν
864 1183 963 1262 αὐτὸς
998 1185 1165 1268 ἀφίκηται.

1177 1261 1219 1326 13

143 1302 213 1370 τοῖς
236 1292 274 1358 δέ
297 1289 462 1378 ἀνδράσιν
483 1289 765 1376 ἐνθυμουμένοις,
794 1289 846 1357 ὅτι
867 1289 989 1368 “dvm
1011 1292 1044 1356 ⁰2
1066 1313 1166 1376 δορυ·
1184 1351 1211 1391 1⁰

144 1401 319 1484 φαιότατοι
353 1407 412 1483 τῆς
448 1400 658 1481 συνωμοσίας
694 1399 727 1463 οὶ
762 1397 824 1480 μὲν
858 1394 1063 1463 ἀπολύονται
1098 1407 1166 1462 τῶν

144 1507 300 1590 σημείων,
323 1507 356 1571 ολ
378 1502 409 1570 δ’
428 1504 685 1572 ἀποστέλλονται
708 1505 785 1590 δίχα
807 1515 875 1570 τῶν
897 1505 1008 1570 ἀλλων
1031 1503 1166 1589 ὁποιδή-

143 1633 239 1696 ποτε,
262 1613 419 1696 λογισμδς
441 1613 578 1698 εἰσῆλθε
600 1621 767 1698 περιφανῆ
791 1610 966 1696 γεγονέναι
988 1621 1087 1698 σφῶν
1104 1613 1166 1696 τὴν

144 1721 359 1803 συνωμοσίαν
392 1719 448 1785 καλ
479 1720 560 1802 μετὰ
586 1727 685 1785 τοῦτο
714 1718 804 1804 δέος,
832 1721 863 1786 ελ
889 1719 990 1806 χωρὶς
1013 1719 1166 1804 ἀλλήλων

143 1825 296 1910 γένοιντο
318 1827 374 1893 καλ
396 1827 437 1892 τά
460 1818 546 1892 ὅπλα
572 1832 678 1911 δείεν,
705 1827 749 1911 μὴ
777 1827 871 1904 δίκας
898 1826 1092 1911 ὑπόσχωσιν
1118 1827 1166 1902 είς
1185 1842 1210 1884 ιο

140 1931 265 2019 Ῥώμην
296 1933 514 2020 ἀπαχθέντες·
545 1935 718 2011 συνιόντες
746 1956 782 1998 τε
811 1930 882 1999 κατ’
908 1933 1043 2016 όλάγους
1072 1931 1164 1998 ἐσκό-

143 2061 242 2125 πουν,
264 2043 300 2108 τί
319 2043 382 2128 χρη
405 2041 569 2127 πράττειν.
615 2037 728 2106 ἔπειτα
750 2041 887 2124 γνώμην
909 2049 1012 2105 τινών
1035 2041 1166 2124 είσηγη-
1178 2037 1220 2102 14

143 2147 297 2231 σαμένων
319 2148 396 2235 περὶ
419 2145 645 2230 ἀποστάσεως,
672 2145 905 2222 ἐπαινέσαντες
931 2147 969 2211 τὸ
996 2145 1167 2229 βούλευμα

142 2255 199 2320 καὶ
221 2256 347 2331 πίστεις
370 2253 580 2339 ἀπορρήτους
602 2250 640 2318 έν
659 2251 815 2337 ἀλληλοις
834 2252 1066 2337 ποιησάμενοι,
1089 2254 1165 2332 (ol)

143 2371 201 2446 τῆς
234 2362 405 2446 στρατείας
436 2356 611 2443 ἀφειμένοι
642 2359 719 2445 περὶ
755 2361 965 2445 Ταρρακίναν
996 2361 1096 2426 πόλιν
1127 2359 1166 2426 έν
1183 2378 1210 2420 ιο

143 2466 341 2552 ἐπιτηδείοις
363 2467 497 2552 χωρίοις
519 2464 597 2552 παρ’
614 2466 720 2550 αὐτὴν
742 2467 804 2550 την
826 2465 909 2532 ὁδὸν
927 2468 1166 2548 στρατοπεδεύ-

144 2599 247 2642 ονται.
284 2569 392 2639 ἔπειθ’
410 2573 444 2638 οί
466 2574 546 2656 μετὰ
568 2581 629 2638 τοῦ
652 2577 860 2660 πρεσβευτοῦ
879 2573 936 2640 καί
953 2585 1021 2640 τών
1039 2575 1165 2661 χιλιάρ-
1177 2571 1218 2638 15

143 2707 212 2766 χων
235 2681 513 2764 ἀποστελλόμενοι
535 2682 615 2758 τούς
635 2680 800 2764 ἡγεμόνας
822 2683 1072 2765 καταλιπόντες,
1095 2680 1166 2747 έστλ
1228 2681 1230 2688 '

145 2785 175 2852 δ’
199 2789 258 2867 οὓς
284 2787 340 2854 καλ
366 2797 435 2853 τῶν
463 2786 613 2872 ἀγόντων
641 2795 729 2873 σφᾶς
756 2797 965 2874 στρατιωτῶν
992 2790 1166 2866 πείσαντες

144 2891 344 2980 ἀποστῆναι,
367 2893 443 2980 περὶ
466 2895 569 2974 <τὸν>
593 2893 696 2960 αὐτὸν
717 2895 889 2980 ἱδρύονται
911 2896 1023 2960 τόπον.
1060 2895 1105 2972 ὡς
1128 2895 1166 2960 δὲ
1184 2913 1209 2954 ει

144 3001 229 3080 ἀπαξ
258 2997 351 3067 οὗτοι
377 3003 435 3080 τάς
462 3002 631 3087 παρόδους
653 3001 890 3086 κατελάβοντο,
917 3001 1036 3068 πολλοί
1063 3019 1165 3087 προσ-

216 3183 232 3232 6
251 3178 455 3248 ὑπομενοῦντας
473 3194 496 3232 ο.
510 3177 653 3248 Kiessling
712 3183 746 3232 14
764 3178 858 3250 τούτο]
877 3185 966 3232 ταῦτα
984 3193 1007 3232 ο.
1022 3177 1165 3249 Kiessling

145 3255 178 3303 1‘1
197 3248 277 3310 τινὰς
293 3246 519 3320 εἰσηγησαμένων
532 3248 595 3304 Εεο.
613 3256 698 3304 τννών
716 3249 801 3319 είσηγ.
816 3249 907 3304 Ὲόδοτ
923 3245 1001 3312 τινδς
1017 3249 1165 3320 εἰσηγησα-

143 3317 235 3390 μένων
257 3320 360 3376 ΜάΠοι·
432 3326 465 3375 19
489 3320 517 3376 ολ
540 3320 605 3376 add.
626 3320 717 3376 Feder
788 3325 823 3374 20
847 3319 1077 3388 Ταρακινάπολιν
1102 3320 1163 3376 Εεο.

143 3392 189 3446 Ad
207 3392 283 3447 hunc
300 3392 394 3447 locum
411 3391 498 3448 verba
521 3391 617 3461 Steph.
636 3391 701 3462 Βγτ.
721 3393 863 3460 spectant:
891 3392 1063 3462 Ταρρακηνδι
1085 3389 1166 3455 πόλις

140 3461 260 3528 Ἰταλίας
332 3469 366 3518 26
384 3460 434 3520 τὸν
453 3464 518 3519 add.
532 3464 623 3519 Feder
