2654 3916
575 217 609 226 -
647 189 692 240 10
730 218 762 226 -
1114 189 1179 254 297

144 317 253 400 Ιιημιῦν
276 315 407 401 ἀρετήν,
438 309 509 379 ἀλλ’
528 313 716 380 ἀποστάντα
743 324 811 379 τῶν
838 313 952 380 ὅπλων
978 324 1099 400 χωρείν
1126 313 1181 382 ἐπί

158 424 238 500 τοὺς
260 419 393 506 λόγους,
416 421 635 504 συμβουλεύω
657 443 693 486 τε
716 435 780 504 σοι,
805 421 882 506 περὶ
905 415 953 486 ὧν
976 419 995 486 δ
1014 419 1181 504 Ῥωμαίων

159 530 262 614 δῆμος
292 527 485 613 διαφέρεται
516 528 601 614 πρὸς
628 530 853 613 Ταραντίνους
883 527 904 612 ἢ
934 531 1128 606 Λευκανούς
1159 529 1180 613 ἢ

158 637 329 713 Σαυνίτας
354 633 429 718 ἐμοὶ
453 636 516 719 τὴν
538 634 721 719 διάγνωσιν
744 633 932 720 ἐπιτρέπειν
954 672 999 682 -
1022 636 1180 720 διαιτήσω

158 744 223 828 γάρ
246 742 311 808 ἀπὸ
334 743 459 820 παντὸς
482 750 542 807 τοῦ
566 742 698 807 δικαίου
721 743 762 807 τά
785 742 931 827 διάφορα
953 779 998 790 -
1020 742 1076 808 καὶ
1098 762 1182 828 παρ·
1213 763 1225 803 ι

159 847 220 927 ε’ξω
253 851 331 926 τοὺς
363 847 508 932 ἐμαυτοῦ
541 850 662 933 φίλους
694 847 822 926 ἁπάσας
853 850 911 927 τὰς
942 849 1069 932 βλάβας
1100 848 1181 915 ἀπο-

158 957 327 1040 τίνοντας,
351 955 390 1033 ἀς
413 955 455 1024 ἀν
478 955 590 1023 αὐτῶν
613 953 677 1040 ἐγὼ
700 966 861 1040 καταγνῦ.
899 953 972 1043 (16)
993 953 1121 1041 Ὀρθῶς
1143 955 1220 1022 δέ3

158 1067 312 1148 ποιήσετε
340 1063 397 1128 καὶ
425 1062 520 1146 ύμείς
548 1064 731 1146 βεβαιωτὰς
762 1059 989 1149 παρασχόντες
1017 1063 1103 1150 ὑπὲρ
1133 1058 1181 1129 ὧν

158 1169 201 1235 ἀν
220 1168 358 1236 ἐκείνων
375 1169 464 1247 τινες
484 1168 695 1254 ἐπικαλοῦσιν,
719 1170 771 1235 ὅτι
788 1171 828 1235 τά
846 1169 1007 1254 κριθέντα
1025 1170 1082 1236 ὑπ’
1100 1169 1180 1254 ἐμοῦ

159 1275 321 1363 φυλάξετε
355 1277 462 1363 κύρια.
518 1285 622 1341 ταῦτα
658 1285 793 1342 ποιοῦσι
829 1277 890 1359 μέν
926 1275 1007 1359 ὑμίν
1044 1279 1182 1363 είρηνην
1201 1297 1226 1337 1⁰

159 1382 401 1468 ἐπαγγέλλομαι
428 1381 583 1470 παρέξειν
604 1383 660 1449 καί
688 1386 787 1469 φίλος
811 1380 949 1449 ἔσεσθαι
970 1383 1027 1448 καί
1050 1381 1103 1468 ἐφ’
1122 1383 1182 1462 οὓς

159 1491 202 1556 ἄν
223 1513 263 1573 με
286 1494 495 1576 παρακαλῆτε
517 1489 683 1573 πολέμους
706 1490 890 1576 προθύμως
912 1492 1107 1575 βοηθήσειν,
1136 1492 1180 1575 μη
1199 1490 1221 1554 4

158 1605 294 1663 ποιοῦσι
326 1598 358 1662 δ’
380 1597 442 1662 οῦκ
469 1596 512 1663 ἀν
538 1595 748 1682 ἐπιτρέψαιμι
775 1598 888 1682 χώραν
915 1597 1096 1683 συμμάχων
1123 1594 1181 1663 ἀν-

159 1704 251 1789 δρῶν
269 1701 451 1790 ἐξερημοῦν
473 1703 529 1769 καί
551 1700 665 1781 πόλεις
684 1702 882 1788 Ἑλληνίδας
904 1704 1103 1790 ἀναρπάζειν
1126 1704 1182 1770 καὶ

159 1811 293 1894 σώματα
325 1809 489 1896 ἐλεύθερα
521 1817 789 1897 λαφυροπωλείν,
827 1811 910 1877 ἀλλά
941 1812 1080 1878 κωλύσω
1112 1820 1182 1889 τοῖς
1201 1830 1226 1871 ιι

159 1918 288 2002 ὅπλοις,
317 1918 373 1984 ἵνα
395 1919 571 2003 παύσησθε
593 1919 657 2004 ἤδη
681 1919 761 1984 ποτε
784 1919 921 2002 άγοντες
943 1918 999 1982 καί
1022 1918 1182 2003 φέροντες

159 2021 242 2110 ὅλην
268 2024 411 2091 Ἰταλίαν
432 2025 488 2090 καί
511 2035 614 2091 πᾶσιν
633 2025 827 2110 ἀνθρώποις
845 2024 889 2102 ὡς
912 2025 1047 2102 δούλοις
1066 2023 1182 2109 ἐντρυ-

159 2143 297 2217 φῦντες.
339 2130 510 2214 ἐκδέξομαι
533 2131 651 2207 δὲτὰς
674 2132 734 2208 σὰς
757 2130 947 2216 ἀποκρίσεις
969 2129 1064 2217 μέχρι
1087 2131 1182 2196 δεκά-

158 2263 216 2325 της
233 2239 368 2326 ἡμέρας·
385 2238 567 2325 περαιτέρω
585 2239 650 2323 γάρ
668 2237 731 2303 οῦκ
750 2237 792 2306 ἀν
806 2235 854 2304 ἐτι
872 2240 1048 2323 δυναίμην.
1071 2238 1180 2304 Ανιῦν.

230 2346 269 2414 Χ,
293 2344 438 2434 (17,17)
462 2347 557 2432 Πρὸς
583 2353 687 2412 ταῦτα
710 2344 728 2409 ὁ
749 2343 916 2428 Ῥωμαίων
938 2344 1065 2424 ύπατος
1092 2344 1181 2411 ἀντι·
1200 2366 1226 2406 ιο

159 2455 281 2540 γράφει
317 2457 379 2538 τήν
410 2477 446 2519 τε
482 2452 670 2518 αὐθάδειαν
701 2461 761 2518 τοῦ
799 2452 922 2538 ἀνδρὸς
959 2451 1182 2540 ἐπιρραπίζων

158 2561 279 2628 καὶτὸ
307 2557 464 2646 φρόνημα
491 2570 549 2645 τῆς
568 2556 735 2642 Ῥωμαίων
760 2555 888 2636 πόλεως
915 2557 1180 2644 ἐνδεικνύμενος·

159 2664 312 2744 Πόπλιος
341 2667 524 2754 Οὐαλέριος
546 2669 722 2751 Λαβίνιος,
751 2667 932 2752 στρατηγὸς
959 2666 1084 2744 ῦπατος
1108 2665 1182 2732 Ῥω-

159 2776 277 2859 μαίων,
307 2776 438 2857 βασιλεῖ
466 2773 593 2862 Πύρρῳ
623 2777 759 2860 χαίρειν.
811 2769 934 2858 ἀνδρὸς
965 2770 1065 2859 ἐργον
1095 2767 1221 2839 είναί2

232 3025 247 3073 2
272 3040 302 3074 τε
327 3019 381 3076 del.
403 3020 509 3075 Struve.
547 3020 649 3075 Totum
670 3019 817 3076 verborum
838 3018 976 3074 ambitum
994 3018 1181 3090 Kiesslingius

160 3092 201 3146 sic
229 3092 456 3147 consssissuendum
485 3109 545 3147 οεεε
573 3095 679 3147 censet:
709 3090 836 3162 οἰόμενος
863 3091 1125 3162 δή-ουμβουλεύω
1152 3110 1181 3145 τε

160 3161 304 3232 (διαιτήσω
330 3163 469 3233 γάρ-τὰ
494 3162 630 3234 διάφορα)
656 3164 705 3218 καί
730 3161 841 3232 παρέξω
915 3168 929 3216 7
954 3161 1003 3224 οῦς
1027 3161 1123 3216 Ambr.
1148 3161 1182 3224 άς

160 3233 260 3289 δίτονα
332 3239 348 3288 8
366 3236 499 3306 ποιήσητε
517 3235 613 3290 Ambr.
633 3251 702 3290 corr.
722 3235 821 3289 δύνατο
845 3234 880 3289 cf.
899 3233 1047 3288 Baumann
1070 3233 1105 3287 de
1127 3250 1182 3286 usu

159 3306 234 3360 mod.
252 3323 280 3374 p.
297 3310 330 3360 '10
404 3313 435 3361 11
457 3303 642 3376 δπαγγέλομεν
662 3305 758 3362 Ambr.
780 3323 849 3361 corr.
867 3305 960 3360 Maius
1034 3309 1067 3358 12
1090 3323 1182 3372 παρα-

159 3379 268 3431 καλεῖτε
293 3376 388 3433 Ambr.
409 3395 477 3433 corr.
498 3378 597 3432 δίαινε
669 3383 704 3432 14
728 3376 892 3446 διαρπάζειν
918 3393 940 3432 c.
960 3374 1057 3431 Naber
1078 3375 1180 3431 Mnem.

161 3453 204 3516 30,
219 3453 271 3502 260
345 3455 378 3502 17
397 3450 447 3503 καὶ
466 3450 576 3512 δούλοις
594 3447 690 3504 Ambr.
711 3449 748 3511 ὡς
766 3450 877 3512 δούλοις
895 3449 987 3504 Maius
