2654 3916
148 222 213 287 εον
565 183 808 274 -ιΘ-’

148 347 340 432 συμμάχους
369 346 551 430 ἀπολάβετε
580 347 659 424 τοὺς
692 345 799 423 ίδίους
831 355 952 430 προῖκα
983 342 1061 430 παρ’
1087 343 1253 428 ἐμοῦκε4ε
1311 365 1312 394 ἐ

147 456 283 532 πολίτας
310 475 346 519 τε
372 453 428 519 καλ
456 453 648 538 συμμάχους
675 453 834 530 ἅπαντας·
863 453 969 530 άλλως
992 449 1104 518 δὀὐκ
1127 451 1171 518 άν

146 560 361 643 ὑπομείναιμι
374 561 520 638 πολλοὺς
532 560 589 625 καλ
603 559 754 643 ἀγαθοὺς
767 559 849 642 ὑμίν
861 558 1035 644 προέσθαι.
1065 559 1170 627 Vrsin.

217 666 320 733 ΧΠΠ.
350 666 417 754 (18,
436 665 471 754 8)
505 673 615 732 Ταῦτα
642 665 704 749 μὲν
730 677 799 732 τῶν
825 677 928 752 τριῶν
955 670 1170 752 πρεσβευτῶν

115 775 323 859 ιπαρόντων
353 771 473 856 ἔλεξεν,
504 775 574 861 ἰδία
604 773 642 838 δὲ
670 774 732 838 τὸν
764 775 951 860 Φαβρίκιον
980 771 1170 857 ἀπολαβόν·-

142 877 227 965 'M’
247 880 295 965 σέ,
318 883 434 967 φησίν,
457 875 483 946 ό)
506 883 676 967 Φαβρίκιε,
699 879 917 963 πυνθάνομαι
936 880 1114 965 κράτιστον
1131 879 1170 946 ἐν

144 988 337 1072 ἡγεμονίαις
372 986 527 1071 πολέμων
558 981 645 1054 εἶναι
680 987 744 1053 κάν
774 997 821 1073 τῶ
855 989 919 1074 βίῳ
951 987 1083 1053 δίκαιον
1113 988 1169 1053 καί

146 1094 306 1180 σώφρονα
328 1095 384 1160 καλ
405 1095 464 1172 τάς
487 1095 589 1172 άλλας
611 1093 740 1172 άπάσας
759 1091 878 1179 ἔχοντα
895 1093 1023 1179 ἀρετάς,
1045 1094 1169 1181 χρημά-

145 1221 213 1266 των
240 1201 273 1266 δ’
294 1201 423 1288 ἀπορον
448 1201 505 1267 καί
531 1203 612 1268 καθ’
632 1201 671 1268 ἐν
693 1202 731 1267 τὸ
758 1196 859 1286 μέρος
884 1209 984 1266 τοῦτο
1009 1199 1169 1267 ἐλασσού-

101 1331 127 1370 1⁰
145 1331 249 1390 μενον
270 1307 337 1375 ὑπὸ
364 1319 423 1394 τῆς
444 1309 560 1394 τύχης,
588 1308 672 1374 ὥστε
694 1307 800 1393 μηδὲν
823 1308 961 1390 άμειυον
983 1319 1051 1374 τῶν
1073 1329 1168 1374 πενε-

145 1415 275 1482 στάτων
303 1419 497 1499 βουλευτῶν
527 1414 565 1482 ἐν
593 1425 664 1493 τοῖς
692 1416 776 1482 κατὰ
802 1416 863 1480 τὸυ
890 1416 968 1498 βίον
995 1413 1167 1480 διατελεῖν.

105 1524 126 1588 2
144 1531 243 1588 τοῦτο
267 1524 308 1608 δὴ
331 1525 369 1589 τὸ
392 1522 493 1607 μέρος
512 1521 722 1608 ἐκπληρῶσαι
741 1521 1023 1608 προθυμούμενος
1041 1519 1170 1604 ἕτοιμός

145 1631 212 1712 είμι
235 1630 367 1695 διδόναι
390 1631 445 1695 σοὶ
467 1635 598 1714 πλῆθος
620 1628 786 1715 ἀργυρίου
808 1629 864 1694 καὶ
886 1630 1028 1715 χρυσίου
1050 1637 1169 1694 τοσοῦ-

144 1759 214 1818 τον,
236 1736 318 1802 ὅσον
335 1735 539 1820 κτησάμενος
556 1737 704 1814 ἅπαντας
721 1735 921 1822 ὑπερβαλεῑς
938 1736 1071 1825 πλούτῳ
1089 1739 1169 1813 τοὺς

101 1864 126 1904 ιε
144 1843 286 1926 μάλιστα
313 1843 497 1920 δοκοῦντας
514 1841 681 1926 Ῥωμαίων
704 1843 873 1928 εὐπορεῖν·
901 1830 1006 1909 καλὸν
1030 1843 1169 1926 νομίσας

145 1949 302 2032 ἀνάλωμα
333 1949 387 2015 καί
419 1948 549 2036 πρέπον
580 1951 718 2035 ἡγεμόνι
749 1951 829 2028 τοὺς
859 1949 1012 2034 ἀγαθοὺς
1044 1951 1249 2035 άνδραςεεετ

145 2055 286 2136 ἀναξίως
308 2067 366 2141 τῆς
388 2055 506 2143 ἀρετῆς
529 2058 585 2123 διά
607 2059 727 2123 πενίαν
749 2057 955 2143 πράττοντας
982 2057 1169 2143 εὐεργετεῖν

144 2165 200 2230 καὶ
240 2167 415 2249 βασιλικοῦ
456 2163 604 2230 πλούτου
645 2166 737 2230 τοῦτ’
771 2164 929 2249 ἀνάθημα
969 2165 1025 2230 καὶ
1071 2186 1168 2230 κατα-

105 2273 125 2337 3
145 2271 314 2354 σκεύασμα
336 2275 577 2358 λαμπρότατον.
619 2269 669 2358 (9)
693 2272 814 2354 μαθὼν
836 2271 875 2337 δέ
896 2273 959 2358 τὴν
981 2269 1064 2356 ἐμην
1087 2291 1168 2358 προ-

100 2399 126 2439 εο
145 2380 285 2464 αίρεσιν,
311 2381 486 2464 Φαβρίκιε,
510 2379 565 2444 καί
587 2387 698 2443 πᾶσαν
717 2377 925 2462 ἀποθέμενος
948 2379 1031 2444 αἰδῶ
1054 2377 1168 2463 μέτεχε

144 2495 213 2550 τῶν
234 2481 312 2570 παρ’
330 2486 411 2570 ἡμῖν
433 2485 653 2572 ὑπαρχόντων
676 2484 827 2570 ἀγαθῶν,
854 2486 899 2562 ὡς
926 2483 1007 2568 ἐμοῦ
1030 2485 1168 2568 μέλλον-

144 2614 200 2669 τος
228 2591 380 2656 εἴσεσθαι
406 2592 462 2657 καὶ
488 2591 635 2676 μεγάλην
662 2607 717 2657 σοι
743 2591 852 2678 χάριν,
879 2592 935 2659 καλ
961 2593 1007 2675 μά
1029 2593 1088 2658 Δί’
1105 2591 1168 2658 οὐκ

145 2696 267 2764 ἐλάττω
290 2747 477 2763 .........
500 2698 557 2764 καὶ
588 2696 693 2776 ξένων
724 2701 803 2776 τοὺς
833 2699 1050 2782 τιμιωτάτους
1081 2693 1168 2765 εἶναι

216 2915 232 2964 8
252 2910 382 2980 ἀγαθοὺς
400 2907 507 2978 ἀνδρας
528 2926 551 2964 ο.
570 2909 673 2964 Reiske
746 2915 763 2964 6
782 2909 825 3036 sag
843 2909 874 2964 δὲ
893 2910 919 2966 V
942 2909 995 2980 ἐγὼ
1015 2909 1167 2966 ‹ss-m-

144 2978 273 3050 θάνομαί
298 2997 327 3036 σε
352 2979 471 3035 Ursinus
548 2987 563 3035 ‘1
589 2981 639 3035 καλ
663 2985 701 3052 τῷ
726 2977 777 3054 βίην
850 2982 906 3037 κάν
930 2986 968 3053 τῷ
990 2979 1042 3054 βίῳ
1067 2981 1166 3036 struve

144 3058 161 3106 8
186 3051 236 3114 τάς
264 3050 330 3116 ὅλας
357 3051 469 3114 άπάσας
490 3051 517 3105 V
551 3053 554 3124 1
592 3052 741 3122 χρημάτων
767 3071 797 3106 τε
823 3051 846 3108 0
875 3073 917 3124 χρ,
941 3050 969 3107 δ’
996 3069 1019 3106 ο.
1044 3051 1167 3122 Sylburg

145 3121 405 3193 9έλασσόμενονο
429 3123 642 3193 eorr.Sylbu1·g
714 3128 748 3177 10
771 3121 923 3193 yndsvaV
996 3130 1027 3179 11
1052 3126 1167 3195 βουλευ-

143 3203 198 3249 τῶν
223 3195 277 3249 del.
297 3194 369 3248 Smis
387 3194 452 3250 Obs.
471 3211 500 3264 p.
516 3200 549 3248 63
623 3199 657 3249 20
682 3191 799 3265 μέτασχε
822 3195 872 3248 EV
894 3195 998 3266 μήταχε
1020 3194 1047 3249 X
1071 3193 1166 3264 μέτεχε

145 3265 267 3335 Sylburg
343 3272 376 3320 22
403 3265 492 3321 ίσεται
514 3265 564 3320 EV
587 3265 690 3321 εἴσεται
712 3266 738 3320 X
764 3281 833 3320 corr.
852 3265 971 3320 Ursinus
1001 3266 1004 3340 λ
1033 3267 1166 3320 lacunam

144 3337 262 3392 Ursinus
280 3337 429 3392 indicavit:
451 3338 504 3392 οάκ
522 3336 641 3392 ἐλάττων
659 3346 715 3392 τῶν
734 3337 807 3408 ἐμῶν
825 3335 916 3406 φίλων
933 3338 982 3392 καλ
1002 3335 1166 3408 ἀναγκαίων

143 3408 188 3462 vel
206 3409 259 3464 οῦκ
277 3408 379 3463 ἐλάττω
398 3411 467 3478 (τοι.
477 3409 566 3535 χλιιι.)
583 3417 640 3464 τῶν
658 3407 731 3478 ἀμῶν
750 3406 840 3477 φίλων
859 3405 999 3478 φέρεσθαι
1014 3409 1064 3464 καλ
1078 3405 1165 3475 ξένων

144 3479 175 3534 ἐν
192 3488 252 3542 τοῖς
269 3479 444 3550 τιμιωτάτοις
462 3499 537 3535 εναι
554 3477 647 3550 νόμιζε
665 3479 770 3534 Reisks
