2662 3920
583 210 740 260 -Ι-
884 270 886 276 ,
1125 209 1168 274 63

150 332 355 418 δημαρχικὴν
384 313 539 410 ἐξουσίαν
571 331 884 417 ἐπικαλεσαμένους,
915 345 974 419 τῆς
1004 357 1040 400 τε
1072 351 1169 420 στρα-

149 441 302 524 τολογίας
333 438 494 506 ἀπολύειν
523 437 653 525 έφασαν
685 440 782 506 αὐτοὶ
813 442 855 526 δη
886 443 984 524 μόνοι
1015 439 1170 519 ἐξουσίαν

149 545 185 613 ἐκ
212 557 280 612 τῶν
307 549 420 629 νόμων
447 543 586 632 ἔχοντες.
632 548 677 626 ὡς
701 545 732 612 δ’
751 547 858 614 οὐδὲν
881 546 1071 634 ἐπέραινον,
1096 547 1166 614 ἀλλ’
1188 548 1209 614 5

149 653 445 740 ἐπιστρεφεστέρας
464 651 512 720 έτι
534 656 593 732 τάς
614 657 829 741 καταγραφὰς
852 653 966 741 έώρων
984 655 1171 740 γινομένας,

149 757 260 846 ἐργοις
295 761 438 826 κωλύειν
474 759 705 846 ἐπεβάλλοντο.
765 761 984 845 ἀμυνομένων
1025 763 1064 828 δέ
1103 775 1171 835 τῶν
1203 783 1215 823 ε

149 867 286 934 ὑπάτων
312 869 369 934 καὶ
395 880 440 954 τῷ
468 869 581 955 κράτει
607 880 665 954 τῆς
692 867 794 955 ἀρχῆς
826 867 1002 955 ἐρεθισμοί
1026 869 1064 936 τέ
1083 893 1171 948 τινες

150 973 302 1059 ἐγίνοντο
329 975 385 1041 καί
412 986 533 1061 χειρῶν
560 974 721 1059 ἐπιβολαί.
749 979 1010 1061 συνηγωνίζετο
1038 977 1076 1044 δὲ
1102 987 1172 1066 τοῖς

149 1083 212 1166 μὲν
234 1081 414 1167 ὑπάτοιςὴ
438 1093 506 1148 τῶν
528 1085 711 1169 πατρικίων
733 1085 864 1168 νεότης,
891 1095 961 1161 τοῖς
988 1083 1027 1150 δέ
1049 1085 1172 1170 δημάρ-

70 1208 222 1275 κοεοχοις
245 1187 266 1255 ιὑ
294 1189 397 1274 πένης
423 1191 479 1255 καὶ
506 1188 609 1276 ἀργὸς
635 1191 741 1276 όχλος.
787 1189 918 1275 ἐκείνην
941 1191 1002 1274 μὲν
1025 1186 1088 1257 οὑν
1110 1190 1211 1276 τηυ6

148 1297 277 1382 ἡμέραν
303 1299 392 1382 παρὰ
419 1299 506 1362 πολὺ
534 1299 704 1383 κρείττους
726 1297 882 1383 ἐγένοντο
905 1308 973 1364 τῶν
995 1299 1173 1385 δημάρχων
1191 1319 1217 1357 ιο

151 1407 184 1470 ολ
210 1404 346 1489 ὑπατοι,
376 1414 448 1481 ταῖς
475 1403 506 1468 δ’
528 1402 602 1490 ἑξῆς
627 1405 763 1491 ἡμέραις
789 1406 944 1482 πλείονος
968 1405 1069 1490 ὄχλου
1093 1422 1173 1491 συρ-

154 1511 288 1595 ρέοντος
302 1513 350 1588 εἰς
362 1511 424 1594 την
438 1512 538 1576 πόλιν
551 1509 587 1576 ἐκ
602 1522 670 1577 τῶν
686 1512 809 1599 ἀγρῶν,
828 1511 985 1590 δόξαντες
998 1513 1173 1599 οὶδημαρ-

149 1643 206 1704 ’χοι
219 1617 480 1703 προσειληφέναι
493 1627 587 1704 χεῖρα
601 1617 780 1705 ἀξιόμαχον
794 1619 967 1704 ἐκκλησίας
978 1643 1014 1686 τε
1024 1629 1174 1706 συνεχεῖς

154 1724 328 1790 ἐποιοῦντο
346 1725 403 1790 καλ
416 1725 495 1802 τοὺς
508 1724 796 1812 ὑπηρέταςκακῶς
808 1727 1043 1810 διακειμένους
1055 1725 1093 1792 ἐκ
1105 1739 1173 1793 τῶν

153 1837 290 1916 πληγῶν
313 1830 552 1898 ἐπεδείκνυσαν
569 1833 626 1898 καί
645 1834 706 1918 την
718 1833 832 1919 ,ἀρχὴν
844 1831 966 1919 ,ἔλεγον
984 1833 1173 1919 άποδησεσ-
1192 1851 1217 1891 1⁵

151 1945 228 2023 θαι,
252 1940 282 2004 εἰ
304 1943 349 2024 μη
371 1962 421 2016 τις
444 1940 558 2017 αὑτοῖς
581 1937 673 2006 ἔσται
696 1943 786 2028 παρά
808 1950 868 2006 τοῦ
892 1943 999 2026 δήμου
1023 1944 1172 2026 βοήθεια.

222 2045 388 2111 ΧΧΧΠΠ.
420 2051 765 2131 Συναγανακτοῦντος
796 2045 827 2112 δ’
855 2049 969 2125 αὑτοῖς
1000 2057 1060 2113 τοῦ
1093 2051 1174 2132 πλή-

150 2159 238 2230 θους
267 2151 409 2220 ἐκάλουν
438 2157 517 2231 τοὺς
546 2153 694 2231 ὑπάτους
723 2153 779 2220 έπί
807 2156 867 2220 τὸν
897 2155 1004 2239 δῆμον
1034 2155 1078 2231 ὡς
1107 2165 1174 2219 τῶν

151 2259 394 2345 πεπραγμένων
420 2258 605 2346 ὑφέξοντας
635 2263 746 2344 λόγον.
796 2261 841 2337 ὡς
870 2259 900 2324 δ’
925 2260 965 2324 οὑ
995 2270 1174 2346 προσεῖχον

153 2367 267 2442 αὐτοῖς
298 2365 420 2432 ἐκεῖνοι
451 2368 511 2434 τὸν
537 2374 638 2450 νοῦν,
674 2365 730 2432 ἐπὶ
765 2368 840 2452 την
861 2368 989 2452 βουλὴν
1013 2379 1174 2454 παρῆσαν
1192 2391 1218 2430 εο

152 2511 197 2522 --
220 2470 339 2558 έτυχον
362 2475 426 2558 γάρ
448 2471 534 2560 ὑπὲρ
562 2472 674 2539 αὐτῶν
696 2474 825 2548 τούτων
848 2475 1108 2562 συνεδρεύοντες
1129 2513 1174 2524 -·

152 2579 208 2646 καλ
244 2582 470 2667 παρελθόντες
506 2578 640 2646 ἐδέοντο
677 2578 758 2666 μηδ’
791 2579 913 2660 αὑτοὺς
948 2585 989 2648 τά
1023 2583 1174 2670 αίσχιστα

153 2689 366 2765 πεπονθότας
396 2686 570 2774 ὑπεριδεῖν
600 2691 680 2774 μήτε
716 2690 777 2754 τὸν
808 2689 915 2774 δῆμον
948 2690 1175 2777 ἀφαιρεθέντα

152 2795 215 2879 τὴν
236 2792 275 2872 ἐξ
303 2795 415 2860 αὐτῶν
442 2798 616 2881 βοήθειαν,
644 2794 821 2874 διεξιόντες
849 2793 913 2862 ὅσα
939 2794 1026 2882 ὑσαν
1052 2819 1174 2864 πεπον-

226 3013 242 3061 2
261 3006 371 3076 ἔφασαν
391 3007 418 3062 οἱ
435 3005 466 3062 ἐκ
480 3016 535 3063 τῶν
549 3005 643 3078 νόμον
658 3006 788 3075 ἐξουσίαν
802 3008 912 3080 ἔχοντες
924 3012 950 3064 Α
969 3009 1079 3078 ἔφασαν
1093 3011 1174 3065 αὑτοὶ

154 3077 190 3148 δὴ
209 3075 291 3148 μόνοι
309 3077 439 3144 ἐξουσίαν
456 3078 486 3134 ἐκ
502 3089 559 3134 τῶν
573 3077 666 3150 νόμων
680 3079 827 3150 έχοντεςΒ
883 3087 899 3136 3
918 3080 1175 3155 ἐπ<έ>ρ<αιν>ον

154 3149 201 3202 Bb
280 3156 296 3204 5
329 3149 512 3222 ἐπιβάλλοντα
543 3159 600 3207 τῶν
627 3151 749 3208 ὑπάτων.
780 3149 977 3222 ,ἀμυνομένων
1005 3153 1036 3208 δὲ
1064 3153 1114 3207 καί
1140 3158 1178 3226 τῷ

155 3220 250 3288 κράτει
258 3223 290 3275 Α-
298 3222 347 3276 καὶ
356 3224 426 3278 ante
436 3227 474 3294 τῷ
483 3222 579 3290 κράτει
595 3225 688 3279 ,exstat
702 3223 789 3278 etiam
803 3224 834 3278 in
848 3224 879 3291 Β,
898 3227 974 3280 errat
987 3223 1175 3294 Kiesslingius

157 3297 190 3345 18
215 3292 339 3356 ὑπάτους
364 3293 416 3348 ἐπὶ
442 3293 492 3352 τὸν
516 3297 605 3364 δῆμον
628 3295 666 3357 ὡς
687 3303 743 3350 τῶν
761 3295 785 3348 Β
803 3294 928 3358 ὑπάτους
950 3295 991 3358 ελς
1012 3292 1063 3352 τδν
1086 3298 1174 3366 δῆμον

154 3370 210 3417 τῶν
223 3363 249 3416 R
267 3363 313 3418 ἐπὶ
331 3373 380 3430 τοῦ
400 3365 490 3435 δήμου
504 3365 601 3420 Vassis
619 3367 676 3421 Ἀθ.
691 3365 756 3420 VIH
774 3384 801 3435 p.
817 3372 869 3422 263
942 3373 976 3422 20
996 3366 1175 3493 χπαρ>ησαν

155 3434 177 3486 Β
197 3431 341 3506 παρῄεσαν
360 3453 384 3500 ο,
399 3436 522 3512 Βὶωὑεωὶε
541 3437 601 3492 Em.
615 3437 697 3492 Dion.
712 3437 752 3491 III
767 3443 800 3492 12
874 3443 907 3492 22
925 3437 961 3494 τά
980 3460 999 3493 α
1012 3455 1108 3508 σχιστα
1123 3457 1175 3492 ,πε-

154 3503 301 3568 πονθότας
314 3508 458 3576 ὑπεριδεῖν
473 3509 560 3564 Cobet
575 3507 639 3562 0bs.
654 3526 682 3578 p.
695 3515 727 3563 13
743 3511 772 3563 et
785 3525 813 3578 p.
825 3514 939 3579 1950qs.
995 3515 1030 3564 24
1049 3509 1135 3564 αὑτοῦ
1150 3511 1175 3562 A
