2668 3922
474 687 880 848 ΕΧοεεΡκΑ

652 929 702 985 Ex

534 1080 677 1152 LIBRO
705 1079 820 1152 XIIII.

238 1436 262 1502 L
286 1435 337 1524 (1)
357 1434 406 1502 Ἡ
427 1435 465 1501 δὲ
490 1435 633 1519 Κελτική
660 1443 766 1500 κεῖται
793 1433 855 1516 μὲν
882 1432 920 1499 ἐν
942 1444 988 1520 τῷ
1016 1435 1100 1520 πρὸς
1125 1436 1188 1518 τήν

167 1541 311 1630 ἑσπέραν
341 1546 526 1628 καθήκοντι
556 1551 615 1626 τῆς
646 1541 813 1626 Εὐρώπης
844 1539 936 1626 μέρει
972 1539 1092 1624 μεταξὺ
1127 1551 1187 1607 τοῦ

166 1673 202 1715 τε
225 1653 360 1736 βορείου
388 1652 495 1715 πόλον
522 1649 578 1714 καί
604 1659 663 1733 τής
687 1649 878 1734 ίσημερινής
905 1648 1045 1725 δύσεως·
1076 1650 1188 1735 τετρώ-

166 1781 275 1842 γωνος
305 1757 342 1823 δὲ
372 1751 456 1822 οὐσα
483 1767 528 1843 τῷ
557 1759 697 1841 σχήματι
723 1765 794 1832 τοῖς
820 1755 882 1838 μὲν
908 1757 1069 1833 Ἀλπείοις
1096 1757 1188 1842 ὄρεσι

165 1866 332 1948 μεγίστοις
369 1858 445 1930 οὐσι
481 1874 549 1928 τῶν
579 1863 788 1948 Εὐρωπείων
824 1863 985 1928 σωνοίπτει
1016 1867 1098 1929 κατὰ
1129 1866 1187 1942 τὰς
1220 1881 1231 1920 ⁵

166 1971 338 2055 ἀνατολάς,
356 1981 426 2049 τοῖς
445 1970 483 2036 δὲ
501 1972 732 2056 Πνρρηναίοις
750 1970 833 2034 κατὰ
851 1971 1059 2054 μεσημβρίαν
1077 1993 1113 2034 τε
1131 1971 1188 2036 καί

164 2081 266 2144 νότον
289 2080 424 2163 ὐνεμον,
451 2087 491 2164 πή
515 2078 553 2142 δὲ
576 2074 636 2154 ἔξω
661 2081 791 2160 στηλῶν
810 2073 1016 2161 Ἡρακλείων
1038 2077 1188 2166 θαλώτπη

164 2187 247 2250 κατὰ
269 2189 328 2262 τὰς
350 2186 474 2267 δύσεις,
497 2195 542 2269 τῷ
566 2183 604 2248 δὲ
622 2187 784 2268 Σκυθικῷ
807 2203 842 2245 τε
864 2182 920 2247 καί
941 2185 1074 2270 Θρηικίην
1097 2183 1188 2266 γένει

164 2294 247 2356 κατὰ
270 2291 394 2377 βορέαν
412 2293 537 2372 ώνεμον
558 2289 614 2354 καί
637 2289 787 2370 ποταμὸν
805 2283 949 2374 Ἵστρον,
972 2288 1009 2366 ὃς
1032 2289 1097 2355 ἀπὸ
1119 2300 1187 2355 τῶν

163 2400 323 2463 Ἀλπείων
349 2398 560 2480 καταβαίνων
588 2395 678 2480 ὀρῶν
705 2395 858 2478 μέγιστος
884 2405 953 2460 τών
979 2397 1060 2482 τήδε
1086 2417 1187 2462 ποτα·
1205 2415 1232 2455 1⁰

164 2516 238 2588 μῶν
255 2505 312 2570 καί
334 2513 445 2569 πᾶσαν
465 2505 527 2588 τήν
544 2502 611 2568 ὐπὸ
633 2512 704 2580 τοῖς
727 2503 860 2588 ἄρκτοις
880 2504 1021 2589 ήπειρον
1039 2504 1186 2570 διελθὼν

165 2615 212 2690 είς
244 2613 282 2677 τὸ
316 2611 486 2676 Ποντικὸν
518 2607 723 2694 ἐξερεύγεται
754 2608 905 2693 πέλαγος.
955 2608 1006 2698 (2)
1035 2609 1225 2696 Τοσαύτη2

165 2720 203 2785 δὲ
232 2713 317 2785 οὐσα
346 2719 384 2783 τὸ
414 2717 570 2802 μέγεθος,
601 2717 662 2801 ὅση
692 2718 736 2802 μή
766 2719 852 2780 πολὺ
883 2717 1022 2784 ἀποδεῖν
1049 2719 1185 2804 τετάρτη

165 2827 323 2909 λέγεσθαι
350 2834 450 2911 μοίρα
476 2833 534 2908 τῆς
556 2824 738 2910 Εὐρώπης,
766 2824 908 2910 εὐοδρός
934 2847 969 2890 τε
997 2825 1052 2890 καί
1075 2827 1186 2908 πίειρα

164 2933 219 2997 καί
251 2942 390 3018 καρποῖς
422 2932 564 3015 δαψιλής
595 2932 651 2996 καί
681 2934 837 3016 κτήνεσιν
869 2930 986 3018 ἀρίστη
1014 2930 1186 3015 νέμεσθαι,
1205 2950 1230 2990 ιε

165 3041 306 3123 σχίζεται
328 3038 411 3123 μίση
429 3048 564 3124 ποταμῷ
582 3037 696 3125 Ῥήνῳ,
719 3040 862 3126 μεγίστω
880 3039 961 3121 μετὰ
979 3038 1039 3103 τὸν
1053 3035 1186 3124 Ἴστρον

164 3139 251 3210 εἶναι
292 3146 449 3212 δοκοῦντι
486 3155 554 3211 τῶν
589 3146 672 3210 κατὰ
712 3146 774 3230 τήν
810 3146 980 3232 Εὐρώπην
1020 3155 1185 3229 ποταμῶν.

236 3344 252 3392 2
271 3338 438 3408 καθήκοντα
457 3339 553 3393 Ambr.
626 3345 643 3392 4
660 3336 803 3410 Ἀλπείοις]
824 3336 962 3401 Ῥιπαίοις
980 3355 1003 3393 ο.
1019 3339 1117 3393 Struve
1136 3339 1186 3407 qui

164 3410 199 3464 de
222 3410 276 3465 hoc
298 3409 360 3465 loco
378 3410 476 3466 mustis
493 3409 586 3465 verbis
605 3411 719 3464 disserit
793 3416 827 3464 10
846 3407 972 3481 μίηιστός
990 3410 1047 3465 ἐστι
1066 3427 1088 3464 ο.
1104 3409 1185 3463 dubi-

163 3483 259 3536 tanter
277 3481 421 3552 Kiessling
493 3488 526 3536 12
545 3479 595 3537 τὸν
613 3477 757 3537 Ποντικὸν
775 3481 872 3536 Ambr.
