2654 3916
169 208 236 274 270
588 236 622 246 -
659 208 703 259 ΙΕ
740 235 774 244 -

169 349 252 418 σειν,
287 333 331 417 ήν
363 330 503 419 δευτέρα
539 338 638 420 γενεᾷ
673 333 837 417 πρότερον
869 328 1080 409 ἐξελάσαντες
1111 333 1190 408 τοὺς

168 442 343 524 Κυμαίους
360 439 540 523 Καμπανοί
562 438 733 524 κατέσχον,
755 439 811 505 καί
834 436 1050 523 συγκατάξειν
1073 435 1128 504 ἐπί
1150 439 1190 503 τά

169 546 313 634 σφέτερα
339 549 418 625 τοὺς
445 549 620 633 περιόντας
643 543 691 612 ἔτι
713 548 888 631 Κυμαίων,
916 544 975 622 οὓς
1002 546 1035 611 ολ
1056 549 1190 611 Νεαπο-

169 658 256 719 λίται
278 663 336 738 τῆς
358 655 517 740 πατρίδος
540 652 739 731 ἐκπεσόντας
761 651 963 731 ὑπεδέξαντο
981 652 1037 718 καί
1055 651 1190 718 πάντων

138 759 366 846 εἰπονήσαντο
396 763 580 838 κοινωνοὺς
609 772 676 828 τῶν
707 761 803 826 ἰιίίῶν
833 759 984 844 άχαθῶν,
1013 759 1125 846 χῶραν
1155 782 1189 825 τε

168 871 377 954 προσθήσειν
397 878 467 947 τοίς
484 870 719 952 Νεαπολίταις,
743 865 776 946 έξ
799 862 839 950 ής
861 867 894 932 οἰ
912 865 1092 949 Καμπανοί
1114 889 1190 932 κατ·

128 974 260 1062 5είχον
291 975 381 1042 πάνυ
413 979 549 1061 πολλήν.
601 973 652 1062 (ἰ)
680 980 755 1040 Τῶν
786 973 824 1040 δέ
855 978 1076 1039 Νεαπολιτῶν
1107 974 1189 1040 ὅσον

167 1082 230 1166 μίν
247 1079 290 1166 ήν
308 1081 407 1168 μέρος
425 1083 567 1167 εόλοχον
585 1081 641 1148 καί
663 1081 728 1167 πρὸ
747 1084 874 1146 πολλοῦ
898 1079 1088 1163 δυνάμενον
1106 1079 1189 1166 ὁρᾶν
1199 1097 1271 1147 2319

168 1190 226 1266 τοίς
251 1189 523 1274 καταληψομένας
550 1190 611 1273 τὴν
638 1190 738 1254 πόλιν
767 1186 804 1254 ἐκ
835 1195 896 1254 τοῦ
928 1185 1075 1270 πολέμου
1108 1203 1189 1270 συμ-

124 1318 150 1358 ιο
168 1297 275 1383 φοράς
298 1298 436 1382 εἰρήνην
459 1298 553 1382 άγειν
574 1295 683 1381 ήξίου·
711 1297 749 1362 τὸ
772 1294 811 1360 δὲ
833 1295 1032 1379 φιλόκαινον
1054 1293 1110 1360 καί
1132 1295 1190 1370 τὰς

167 1401 204 1469 ἐκ
235 1413 293 1488 τῆς
325 1413 468 1490 ταραχῆς
499 1401 691 1482 πλεονεξίας
723 1403 848 1468 ιίιῶκον
874 1399 929 1467 έπί
956 1402 1017 1467 τὸν
1043 1403 1189 1483 πόλεμον

167 1511 432 1595 συνελάμβανον,
459 1512 622 1594 καταβοαί
646 1510 676 1575 τ’
695 1509 848 1603 ἀλλήλοιν
871 1506 1023 1592 ἐγίνοντο
1046 1508 1102 1574 καί
1123 1530 1189 1593 χει-

168 1619 342 1704 ροκρασίαι
363 1618 419 1684 καί
441 1617 567 1704 προέβη
595 1618 632 1683 τὸ
658 1627 768 1693 νεῖκος
791 1617 839 1694 εἰς
862 1617 971 1682 λίθοιν
993 1615 1109 1699 βολάς,
1133 1615 1189 1680 καί

166 1729 383 1802 τελευτῶντες
419 1723 604 1810 ἐκράτησαν
638 1725 671 1789 οἰ
707 1725 844 1800 κακίους
879 1734 947 1788 τῶν
978 1723 1188 1809 κρειττόνων,

123 1851 148 1892 ιι
167 1831 251 1896 ὥστε
268 1833 348 1909 τοὺς
365 1830 521 1918 πρέσβεις
539 1837 607 1896 τῶν
621 1828 788 1912 Ῥωμαίων
807 1829 995 1916 άπράιιτους
1017 1829 1187 1895 άπελθεῑυ.

167 1939 223 2004 ιίιοί
252 1939 373 2017 ταύτας
402 1939 461 2016 τάς
490 1938 597 2014 αἰτίας
622 1937 642 2020 ή
671 1938 777 2022 βουλή
805 1947 872 2003 τῶν
896 1933 1063 2020 Ῥωμαίων
1090 1954 1188 2022 στρα-

166 2047 241 2112 τιάν
264 2044 319 2113 έπί
341 2046 553 2122 Νεαπολίτας
576 2043 768 2110 άποστείλαι
790 2042 988 2128 ἐβουλεύθη.
1032 2044 1135 2110 ἰῙιείκ.

238 2151 309 2219 VH.
329 2151 380 2241 (8)
395 2149 467 2219 “On
489 2153 656 2236 μαθόντες
678 2152 711 2216 οἰ
729 2149 880 2234 Ῥωμαῖοι
898 2152 1068 2228 Σαυνίτας
1091 2166 1188 2236 στρα-

165 2262 241 2327 τεὰν
264 2259 411 2347 ιἰχείρειν
433 2261 471 2326 τὸ
495 2259 556 2342 μέν
579 2270 713 2346 πρῶτον
733 2257 888 2344 πρέσβεις
911 2255 1072 2343 ἔπεμψαν,
1094 2259 1128 2324 ολ
1150 2257 1188 2323 δὲ

121 2387 149 2428 ιο
166 2367 457 2454 προχειρισθέντες
484 2365 611 2432 ἐκτῶν
633 2369 826 2448 βουλευτῶν
848 2364 1003 2452 πρέσβεις
1030 2363 1188 2442 ἐλθόντες
1197 2383 1270 2431 2320

166 2473 221 2540 ἰπί
243 2477 322 2552 τοὺς
344 2473 556 2559 προβούλους
578 2483 646 2538 τῶν
668 2477 847 2538 Σαυνιτῶν
870 2469 997 2550 ἔλεξαν·

125 2580 147 2645 2
235 2578 405 2664 Ἀδικείτε,
446 2580 567 2664 ἄνδρες
607 2584 786 2663 Σαυνῖται,
827 2581 1090 2666 παραβαίνοντες
1130 2579 1188 2656 τάς

166 2686 357 2772 ὁμολογίας,
379 2686 419 2763 ἃς
441 2683 645 2770 ἐποιήσασθε
667 2687 751 2772 πρὸς
772 2686 871 2770 ἡμᾶς,
894 2686 1000 2770 ὄνομα
1021 2685 1083 2769 μέν
1105 2685 1188 2752 ὑπο-

238 2833 252 2881 1
280 2823 397 2902 δευτέρᾳ
421 2826 515 2951 χενεᾷρ
544 2825 579 2880 cf.
605 2825 761 2880 Ambroach
789 2825 902 2890 Quaest.
927 2826 965 2880 ad
988 2825 1020 2880 D.
1035 2825 1070 2880 H.
1089 2825 1186 2895 Antiq.

165 2899 266 2969 μοιίἰο.
286 2896 519 2969 p.113Vratis.
536 2901 605 2950 1842
672 2902 688 2951 6
706 2905 854 2967 κατεῑσχον
873 2896 895 2952 Ο
914 2894 1050 2968 κατέσχον
1068 2896 1187 2952 Ursinus

167 2977 181 3025 ’ί
201 2970 265 3026 τινὰ
283 2966 365 3025 πόλιν
385 2967 407 3024 O
426 2967 503 3024 πάνυ
521 2967 625 3038 πολλὴν
650 2985 673 3023 ο,
692 2967 795 3023 Reiske
867 2973 884 3023 8
903 2965 1061 3039 εόλόχιοτον
1083 2986 1106 3023 ο.
1126 2968 1187 3023 ste-

165 3041 276 3110 phanus
332 3047 364 3094 12
385 3039 592 3111 συνελάμβανεν
610 3056 633 3093 ο.
647 3038 778 3106 Ursinus3
798 3039 901 3094 lacuna
917 3042 983 3094 ante
998 3039 1187 3111 συνελάμβανε

165 3113 206 3167 sic
225 3113 313 3168 ferme
330 3111 446 3166 Reiskio
465 3110 604 3180 explenda
619 3111 732 3166 videtur
747 3127 819 3166 esse:
840 3110 885 3165 έπλ
901 3108 950 3168 τὸν
964 3108 1085 3181 πόλεμον
1099 3110 1186 3180 ὥρμα.

166 3183 194 3249 ἐξ
220 3178 269 3252 ὦν,
294 3183 390 3254 ἐπειδὴ
414 3181 530 3245 ἕκαστος
551 3187 590 3236 τῶ
612 3181 712 3237 ἑαυτοῦ
736 3179 812 3251 μέρει
836 3181 1024 3253 συνελάμβανε
1059 3182 1062 3254 Ι
1096 3201 1188 3253 χειρο-

165 3237 1187 3398 ιειιικυιηκακιῶνεκιιιι

167 3396 189 3452 Ο
209 3399 364 3469 βουλευτῶν
381 3397 427 3452 vel
445 3398 629 3468 βουλευτικῶν
649 3413 672 3451 c.
687 3395 810 3466 Sylburg
865 3401 899 3450 23
920 3394 1036 3466 ὀνόματι
1055 3396 1077 3452 Ο
1097 3395 1188 3466 ὄνομα

167 3467 326 3538 Stephanus
346 3465 471 3537 ὀνόματα
489 3468 632 3539 Kiessling
