2654 3916
578 193 747 244 -Κ-
1108 193 1174 258 329

131 328 221 384 τῶν
244 319 445 404 πραγμάτων
465 318 520 384 καί
542 318 562 402 ἡ
587 327 654 382 τών
675 317 918 402 Καρχηδονίων
940 319 1036 395 πόλις
1057 319 1176 404 καιρὸν

155 423 341 511 έπιτηδειου
372 425 545 511 εἰληφέναι
574 425 754 508 νομίζουσα
785 425 868 509 πρὸς
898 423 1079 509 ἀνάκτησιν
1108 435 1176 490 τῶν

155 531 376 598 ἀπολωλότων
415 533 548 618 χωρίων
588 532 746 618 στρατιάν
787 530 979 598 ἀπέστειλεν
1019 529 1074 597 έπλ
1114 532 1176 616 τὴν

154 649 268 723 νῆσον.
316 639 414 704 Vates.

226 744 281 810 IX.
314 744 381 832 (19,
410 742 445 832 9)
470 741 541 810 Ὅτι
577 742 811 830 ἀμηχανοῦντα
846 746 907 809 τὸν
943 745 1085 830 Πύρρον
1120 743 1176 811 καί
1208 765 1221 806 ο

155 854 281 938 πόρους
307 853 542 930 παντοδαποὺς
570 850 785 937 ἐπιζητοῦντα
812 851 955 937 ὁρῶντες
983 851 1115 937 [αὐτὸν]
1143 851 1177 918 οἱ

154 959 304 1025 κάκιστοι
330 959 385 1025 καί
413 958 630 1026 ἀνοσιώτατοι
656 961 869 1044 τῶνφίλων,
896 959 1071 1044 Εὐήγορος
1096 963 1177 1024 Θεο-

155 1067 267 1152 δώρου
296 1067 352 1132 καί
382 1067 554 1152 Βάλακρος
582 1066 780 1151 Νικάνδρου
812 1065 867 1131 καὶ
896 1067 1083 1152 Δείναρχος
1112 1070 1177 1132 Νι-

154 1175 246 1256 κίου,
278 1183 345 1238 τῶν
377 1173 491 1240 ἀθέων
522 1173 578 1238 καί
610 1170 790 1257 ἐξαγίστων
820 1171 995 1256 δογμάτων
1027 1175 1176 1257 ζηλωταί,

155 1281 262 1366 πόρον
297 1279 517 1346 ὑποτίθενται
553 1277 728 1366 χρημάτων
759 1281 915 1363 ἀνοσίων,
950 1281 1030 1356 τοὺς
1068 1280 1178 1365 ἱεροὺς
1195 1301 1222 1340 ιο

156 1384 285 1464 ἀνοῖξαι
307 1396 365 1471 τῆς
388 1389 608 1473 Περσεφόνης
630 1385 834 1471 θησαυρούς.
870 1382 914 1470 ἡν
936 1387 1000 1472 γάρ
1026 1386 1118 1472 ἱερὸν
1139 1384 1177 1452 έν
1196 1386 1216 1450 2

154 1502 194 1580 τη·
228 1495 322 1560 πόλει
353 1494 456 1584 ταύτη
489 1494 585 1578 άγιον
612 1493 668 1558 καί
699 1496 808 1558 πολὺν
835 1493 963 1579 χρυσὸν
990 1491 1027 1558 έκ
1054 1493 1178 1569 παντὸς

154 1609 215 1665 τοῦ
238 1602 362 1685 χρόνου
386 1599 645 1684 πεφυλαγμένον
666 1576 808 1666 άθικτοά
831 1596 919 1685 έχον,
943 1597 980 1665 έν
1004 1591 1031 1688 ᾦ
1054 1601 1177 1686 χρυσός

155 1729 205 1782 τις
228 1707 389 1790 άβυσσος,
417 1707 557 1793 ἀόρατος
579 1717 649 1786 τοίς
672 1711 809 1784 πολλοῖς
830 1707 913 1773 κατὰ
936 1717 996 1792 γῆς
1019 1709 1177 1790 κείμενος.

75 1827 145 1878 2363
155 1811 221 1876 ὑπὸ
251 1813 380 1878 τούτων
407 1811 625 1899 ἐξαπατηθεὶς
651 1825 718 1881 τῶν
741 1814 892 1880 κολάκων
915 1815 970 1880 καί
994 1815 1093 1894 <διά>
1117 1815 1179 1900 τὴυ
1197 1833 1223 1876 ιο

156 1918 305 2004 ἀνάγκην
327 1922 501 2005 κρείττονα
523 1925 662 2006 παντός,
686 1927 798 2001 (τοῖς)
822 1919 1095 2005 εἰσηγησαμένοις
1116 1923 1179 2006 τὴν

155 2029 292 2112 γνώμην
325 2025 467 2114 ἀνδράσι
498 2030 667 2105 διακόνοις
698 2038 755 2112 τῆς
789 2028 975 2112 ἱεροσυλίας
1008 2025 1179 2113 ἐχρήσατο,

155 2135 211 2198 καὶ
234 2136 294 2200 τὸν
315 2132 513 2212 έξελαθέντα
536 2136 663 2220 χρυσὸν
682 2131 718 2199 ἐκ
740 2141 800 2198 τοῦ
826 2134 918 2220 λεροῢ
941 2133 1065 2200 ναυσίν
1083 2130 1180 2200 ἐνθέ-

156 2263 255 2322 μενος
279 2240 362 2322 μετά
389 2251 457 2305 τῶν
485 2240 596 2306 ἀλλων
623 2238 798 2326 χρημάτων
823 2239 1015 2306 ἀπέστειλεν
1043 2241 1091 2318 είς
1118 2240 1180 2305 Τά-

158 2368 261 2433 ραντα
291 2350 415 2430 πολλῆς
446 2349 564 2428 μεστὸς
597 2347 762 2432 εὐθυμίας
793 2349 980 2432 γενόμενος.
1028 2348 1128 2414 Ποίαν.
1152 2351 1181 2413 εί
1197 2368 1224 2408 εο
1322 2365 1323 2386 ³

157 2453 276 2520 Suidas
298 2473 322 2519 ε.
341 2475 368 2518 ν.
389 2454 535 2540 Πύρρος.
1322 2433 1323 2460 ¹

229 2669 245 2718 5
265 2667 316 2718 aut
332 2661 382 2720 τὸν
401 2665 517 2734 Πύρρον
536 2667 587 2720 aut
605 2662 691 2722 αὐτὸν
713 2665 864 2721 delendum
884 2681 944 2720 εεεο
961 2665 1065 2720 Reiske
1085 2667 1180 2720 οοωεοτ

158 2743 192 2790 10
211 2733 333 2792 ἀνοσίων
352 2736 447 2791 Turon
474 2733 590 2792 ἀνόσιον
610 2754 630 2792 ο,
648 2737 751 2792 Reiske
811 2743 844 2791 12
863 2754 914 2806 pro
932 2737 1019 2810 ταύτῃ
1039 2753 1061 2790 ο.
1076 2735 1180 2790 Reiske

157 2808 234 2863 πάνυ
296 2815 329 2862 16
348 2807 414 2862 *καὶ
433 2808 484 2879 τὴν
504 2808 632 2878 ἀνάγκην
650 2805 796 2878 κρείττονα
814 2806 920 2870 παντὸς
937 2805 1111 2878 ἡγησάμενος
1163 2827 1179 2861 ν

157 2881 276 2949 γνώμην,
289 2879 410 2948 ἀνδράσι
432 2880 534 2934 Turon.
558 2880 607 2934 καὶ
627 2879 676 2934 διὰ
693 2880 744 2951 τὴν
763 2879 891 2950 ἀνάγκην
909 2877 1056 2947 κρείττονα
1074 2897 1148 2934 παντ
1167 2898 1181 2940 ς

157 2949 339 3020 ἡγησαμένων
357 2951 408 3022 τὴν
426 2952 538 3021 γνώμην
558 2950 679 3019 ἀνδράσι
694 2952 796 3006 suidas
814 2950 987 3022 ἡγησάμενος
1005 2967 1057 3019 pro
1075 2947 1180 3020 ἡγησα-

158 3019 249 3092 μένων
263 3040 284 3076 ο,
297 3023 397 3078 Portus
415 3020 562 3091 κρείττονα
580 3022 692 3086 πάντως
705 3018 780 3079 εἶναι
793 3020 910 3092 νομίσας
923 3029 982 3084 τοϊς
995 3018 1181 3091 ἡγησαμένους

157 3095 209 3159 τὴν
227 3095 339 3163 γνώμην
358 3111 374 3150 e
398 3112 423 3164 q.
439 3111 459 3149 s.
474 3093 606 3148 Valesius
628 3094 676 3148 κοιλ
695 3094 746 3164 τὴν
765 3094 893 3164 ἀνάγκην
911 3091 1057 3162 κρείττονα
1075 3089 1181 3156 παντὸς

158 3163 331 3234 ἡγησάμενος
348 3165 510 3236 πράγματος
527 3173 587 3228 τοῖς
604 3163 832 3236 εἰσηγησαμένοις
849 3165 900 3235 τὴν
918 3165 1031 3236 γνώμην
1049 3181 1072 3222 ο.
1087 3165 1181 3220 Kiess·

158 3235 220 3303 ling
238 3235 286 3288 καὶ
306 3235 355 3290 διδι
372 3237 423 3306 τὴν
440 3236 568 3307 ἀνάγκην
582 3235 728 3305 κρείττονα
741 3234 847 3298 παντὸς
859 3244 919 3299 τοῖς
932 3233 1117 3307 ἡγησαμένους
1129 3235 1181 3306 τὴν

158 3307 271 3376 γνώμην
290 3322 342 3376 ego
399 3313 431 3362 18
450 3305 619 3374 *ἐξελθόντα
638 3309 739 3363 Turon.
758 3325 811 3364 om.
827 3307 929 3362 Suidas
949 3304 1104 3378 ἐξαχθέντα
1123 3307 1182 3362 sive

159 3374 325 3447 έξελχθέντα
343 3379 417 3447 (εἱσι)
437 3379 495 3434 sive
514 3377 697 3451 ἐξενεχθέντα
715 3397 738 3436 ο.
753 3379 856 3434 Reiske
876 3375 1034 3448 συληθέντα
1048 3395 1070 3432 ο.
1085 3377 1182 3434 Naber

159 3449 261 3504 Mnem.
277 3453 319 3516 30,
334 3453 385 3503 261
406 3448 574 3516 έξελαθέντα
593 3469 645 3522 ego
