2668 3922
580 245 613 254 -
651 218 691 269 ΙΑ
728 245 762 254 -·
1115 217 1180 282 207

160 344 292 408 δίκαιον
311 336 397 408 είναι
417 343 477 407 τὸν
496 339 652 419 ἀξιοῦντα
675 351 756 406 πᾶσι
774 351 920 424 μετεῖναι
938 339 1106 424 Ῥωμαίοις
1124 352 1182 426 της

158 448 321 534 ὑπατικῆς
343 448 459 535 ἀρχῆς,
482 458 552 526 τοῖς
569 472 608 532 γε
628 449 670 533 δη
689 451 767 532 βίον
785 449 1010 534 ἀνεπίληπτον
1028 447 1182 534 ἐσχηκόσι

158 557 215 622 καί
244 553 378 641 πράξεις
407 554 697 639 ἀποδεδειγμένοις
726 566 783 641 της
811 567 905 641 τιμῆς
930 557 1052 641 ταύτης
1080 553 1182 641 ἀξίας,

158 665 220 729 τὸν
252 663 290 730 δέ
320 664 438 748 καιρὸν
471 662 533 728 οὐκ
565 660 754 746 ἐπιτήδειον
786 663 834 740 είς
864 665 926 748 την
958 662 1043 748 ὑπὲρ
1079 662 1182 728 αὑτοῦ

159 770 344 854 διάγνωσιν
362 768 399 835 ἐν
417 774 609 852 πολεμικαῖς
632 769 846 855 ὑπαρχούσης
869 780 1025 856 ταραχαῖς
1048 780 1106 855 τῆς
1124 771 1183 836 πό·
1215 790 1227 830 ι

160 882 255 954 λεως·
288 875 515 960 συνεβούλευέ
544 899 579 941 τε
611 886 681 953 τοῖς
712 877 774 959 μὲν
810 876 990 963 δημάρχοις
1027 875 1086 942 ἐᾶν
1122 877 1223 961 την4

160 984 379 1068 καταγραφὴν
401 982 561 1066 γενέσθαι
583 993 651 1048 τῶν
674 995 884 1068 στρατιωτῶν
904 985 960 1050 καί
982 985 1044 1068 τὴν
1066 980 1183 1062 ἔξοδον

159 1093 203 1175 μη
226 1091 369 1156 κωλύειν
387 1101 455 1156 τῶν
473 1091 764 1176 καταγραφέντων,
786 1101 857 1167 τοῖς
880 1088 910 1155 δ’
926 1091 1079 1175 ὑπάτοις,
1103 1091 1183 1157 ὅταν

159 1199 197 1262 τὸ
220 1197 398 1283 κράτιστον
415 1196 510 1274 τέλος
528 1195 673 1263 ἐπιθῶσι
690 1208 735 1287 τῷ
754 1197 901 1286 πολέμω,
924 1208 1059 1282 πρῶτον
1079 1197 1184 1264 ἁπάν-

160 1328 229 1370 των
256 1305 294 1370 τὸ
322 1304 398 1391 περί
425 1312 486 1368 τοὺ
514 1305 620 1386 νόμου
648 1305 885 1390 προβούλευμα
912 1306 960 1382 είς
989 1306 1049 1370 τὸν
1076 1305 1184 1390 δῆμον
1202 1327 1228 1366 ιο

159 1409 352 1495 ἐξενεγκεῖν.
393 1419 497 1476 ταῦτα
520 1411 558 1476 δὲ
581 1413 754 1496 γραφῆναί
773 1409 802 1476 τ’
820 1412 884 1496 ἤδη
908 1411 964 1476 καί
987 1411 1183 1496 διομολογη-

76 1533 148 1584 2301
159 1524 265 1602 θῆναι
294 1518 377 1603 πρὸς
406 1515 614 1603 ἀμφοτέρων.
669 1518 801 1602 Ταύτην
831 1516 1091 1601 ἀποδειξαμένου
1122 1518 1223 1603 τηνὺ

160 1625 297 1710 γνώμην
323 1624 509 1708 Οὐαλερίου
537 1624 593 1690 καί
620 1627 701 1707 μετά
723 1635 845 1691 τούτου
864 1623 1017 1712 Ὁρατίου
1040 1663 1084 1672 -
1108 1625 1183 1690 δευ-

160 1732 243 1819 τέρῳ
271 1731 336 1816 γάρ
361 1731 468 1818 τούτῳ
492 1732 594 1815 λόγον
617 1731 793 1798 ἀπέδωκαν
816 1734 849 1798 οί
871 1732 992 1799 ὑπατοι
1016 1769 1059 1779 -
1082 1732 1183 1798 ταὺτὸ

161 1837 271 1915 πάθος
289 1838 392 1902 άπασι
410 1847 480 1914 τοῖς
498 1846 644 1924 παροῦσι
662 1839 796 1924 συνέβη.
834 1841 867 1906 ol
884 1840 1028 1926 μὲνγὰρ
1052 1840 1184 1906 ἀνελεῖν
1203 1861 1228 1902 ιι

160 1946 220 2011 τὸν
247 1947 353 2028 νόμον
380 1947 580 2028 βουλόμενοι
607 1947 668 2030 την
696 1945 866 2031 ἀναβολὴν
889 1958 947 2031 τῆς
974 1947 1051 2031 περί
1079 1948 1183 2013 αὑτοῦ

161 2053 371 2137 διαγνώσεως
394 2051 569 2135 ἀγαπητῶς
596 2051 814 2137 ἀκούσαντες,
841 2055 878 2119 τὸ
902 2054 982 2136 μετά
1005 2054 1065 2118 τὸν
1088 2055 1184 2120 πόλε-

159 2183 225 2242 μον
252 2157 434 2242 ἐπάναγκες
462 2153 548 2225 εἶναι
576 2161 673 2245 σφίσι
700 2163 948 2244 προβουλεῦσαι
976 2159 1052 2244 περί
1080 2159 1183 2226 αὑτοῦ

160 2270 311 2352 χαλεπῶς
333 2263 546 2343 ἀπεδέξαντο·
571 2267 604 2332 οί
627 2266 665 2330 δὲ
687 2265 806 2350 κύριον
828 2264 894 2331 ὑπὸ
918 2275 978 2331 τοὺ
1002 2266 1183 2352 συνεδρίου

160 2379 321 2458 κρώηναι
344 2372 604 2458 προαιρούμενοι
626 2374 664 2438 τὸ
687 2371 749 2455 μὲν
773 2371 1029 2457 ὡμολογημένον
1053 2374 1184 2440 δίκαιον
1202 2395 1228 2436 κο

160 2475 248 2546 εἶναι
277 2480 337 2545 τὸν
366 2481 473 2561 νόμον
503 2478 652 2562 ἀσμένως
681 2481 817 2563 ἤκουον,
849 2480 886 2545 τὸ
918 2473 949 2544 δ’
974 2481 1022 2558 είς
1051 2479 1184 2568 ἑτέρους

160 2585 331 2654 ἐκπίπτειν
353 2587 497 2671 χρόνους
524 2588 562 2652 τὸ
590 2585 826 2672 προβούλευμα
853 2587 937 2673 πρὸς
960 2587 1065 2674 ὀργὴν
1088 2587 1184 2672 ἑλάμ

160 2698 275 2777 βανον.

231 2800 298 2866 LX.
325 2798 482 2884 Θορύβου
505 2798 558 2883 δέ,
581 2799 662 2886 ὅπερ
686 2801 787 2885 εἰκός,
811 2799 866 2866 ἐπὶ
888 2811 928 2888 τῇ
951 2803 1066 2893 γνώμη
1089 2825 1183 2887 γενο-

160 2907 264 2989 μένου
288 2907 344 2972 διά
367 2907 404 2971 τὸ
432 2907 475 2990 μὴ
503 2915 585 2971 πᾶσι
611 2916 681 2983 τοῖς
708 2907 843 2994 μέρεσιν
866 2909 967 2994 αὐτῆς
993 2910 1184 2994 εὐαρεστεῖν
1202 2930 1228 2970 ει

234 3139 250 3187 2
272 3142 331 3196 τοῖς
354 3153 383 3188 τε
406 3133 429 3187 Ο
454 3141 513 3197 τοῖς
536 3155 566 3204 γε
589 3134 711 3206 Sylburg
741 3136 744 3208 ί
774 3134 904 3206 ἐσχηκόσι
923 3137 945 3192 Ο
968 3135 1078 3208 έζηκάσι
1096 3137 1184 3193 Cobet

162 3203 227 3258 Obs.
247 3221 274 3274 p.
291 3210 342 3258 212
366 3205 452 3259 stulte
476 3206 510 3260 cf.
530 3205 595 3260 VIII
613 3212 688 3273 44‚6
714 3205 850 3278 ἐσχηκότα
873 3205 931 3322 τδηι
946 3207 1008 3321 βηρν
1081 3215 1097 3264 3
1124 3210 1183 3266 ἐπι-

162 3325 349 3398 δεδειγμένοις
368 3328 490 3400 Sylburg
565 3337 579 3385 7
604 3333 818 3398 στρατιωτῶνΙι
845 3291 1004 3404 στρατιαίάῶὺ
1022 3334 1049 3388 V
1068 3352 1183 3405 στρατη-

161 3408 218 3470 γῶν
237 3399 267 3452 Μ
327 3405 361 3454 14
380 3401 413 3454 οὑ
431 3398 516 3456 ταὺτὸ
536 3419 558 3456 ο.
573 3402 674 3456 Portus
734 3409 767 3458 19
787 3402 949 3470 ἐπελέξαντο
970 3406 992 3460 0
1012 3404 1182 3473 ἀπεδέξαντο

162 3469 286 3541 Sylburg
359 3476 391 3525 21
412 3470 526 3541 ἄσμενοι
545 3490 567 3527 ο,
583 3473 685 3529 Garrer
704 3473 768 3529 obs.
788 3493 815 3544 p.
832 3481 865 3530 28
