2662 3920
582 233 738 282 -1—
1148 229 1169 292 3

218 359 259 426 II.
296 362 377 426 Τότε
409 357 439 424 δ’
474 358 556 424 αὐτὸ
593 357 842 442 παραλαβόντες
878 355 912 420 οἱ
945 354 1022 439 περὶ
1053 347 1170 420 Αὖλον

150 468 351 554 Οὐεργίνιον
378 467 541 552 δήμαρχοι
566 469 737 532 τελειῶσαι
764 461 960 546 ἐβούλοντο·
987 461 1043 527 ἵνα
1066 460 1104 526 δέ
1125 463 1169 545 μή
1250 457 1260 469 ”

146 583 246 640 τοῦτο
273 572 404 658 γένοιτο
432 572 516 657 μηδὲ
543 573 625 637 κατδι
652 553 777 653 νόμους
805 568 1050 654 ἀναγκασθεῖεν
1077 573 1171 633 πολι·
1277 583 1285 593 “

147 681 320 764 τεύεσθαι,
338 679 447 745 πάντα
465 678 750 764 ἐπιμηχανώμενοι
765 675 936 742 διετέλουν
951 676 1032 741 οἵτε
1049 674 1171 740 ὕπατοι

146 789 203 854 καλ
228 787 250 872 ἡ
278 790 384 872 βουλή
411 787 468 852 καί
493 796 561 852 τῶν
589 787 700 851 ἀλλων
724 789 871 850 πολιτῶν
898 784 931 849 οἱ
953 787 1110 848 πλεῖστον
1133 781 1171 848 ἐν
1203 806 1214 846 ε

147 905 187 982 τή
215 896 310 961 πόλει
337 893 531 976 δυνάμενοι·
560 894 684 976 βουλαί
708 914 744 956 τε
771 891 892 957 πολλαί
918 891 975 956 καί
1002 888 1171 976 ἐκκλησίαι

148 1011 298 1087 συνεχεῖς
321 999 473 1086 ἐγίνοντο
496 1001 610 1086 πεῖραί
630 1022 666 1064 τε
690 1009 846 1064 παντοῖαι
868 1008 941 1076 ταῖς
963 998 1080 1084 ἀρχαῖς
1101 995 1167 1062 κατ’

148 1108 310 1194 ἀλλήλων,
340 1105 374 1186 ἐξ
404 1101 453 1173 ὧν
482 1107 545 1174 οὐκ
574 1107 701 1190 άδηλον
730 1107 854 1172 άπασιν
882 1102 936 1190 ήν,
966 1105 1017 1171 ὅτι
1046 1104 1170 1189 μεγάλη

147 1239 197 1294 τις
222 1217 278 1282 καλ
306 1215 484 1300 ἀνήκεστος
512 1212 546 1292 ἐξ
570 1211 698 1298 ἐκείνης
720 1225 779 1300 τῆς
801 1214 1007 1299 φιλονεικίας
1030 1211 1171 1296 ἀναστή-

150 1340 241 1389 σεται
268 1332 308 1409 πή
337 1324 432 1388 πόλει
455 1321 620 1406 συμφορά.
667 1324 851 1406 συνήπτετο
880 1319 918 1386 δέ
939 1329 1010 1396 τοῖς
1038 1294 1216 1423 ἀνδρα-ᾗ

68 1447 138 1498 1985
147 1433 258 1508 πίνοις
287 1435 458 1514 λογισμοῖς
486 1429 542 1494 καλ
571 1429 611 1494 τδι
638 1435 718 1494 θεῖα
745 1428 882 1510 δείματα
909 1429 1170 1514 προσγενόμενα,

148 1531 196 1602 ὧν
227 1533 301 1602 ένια
332 1533 402 1602 οὔτ’
434 1535 472 1602 ἐν
503 1536 678 1620 δημοσίαις
711 1535 883 1622 εὑρίσκετο
915 1543 1062 1620 γραφαῖς
1093 1535 1171 1600 οὔτε

147 1639 218 1707 κατ’
245 1643 351 1726 ἀλλην
378 1644 609 1727 φυλαττόμενα
637 1645 771 1727 μνήμην
798 1642 967 1724 οὐδεμίαν.
1018 1642 1081 1707 ὅσα
1109 1642 1210 1725 μένδ

147 1750 212 1834 γάρ
235 1747 273 1814 ἐν
296 1749 428 1838 οὐρανῷ
452 1749 532 1816 σέλα
555 1751 723 1834 φερόμενα
748 1749 803 1814 καὶ
825 1751 932 1835 πυρὸς
954 1748 1093 1830 ἀνάψεις
1115 1747 1170 1834 ἐφ’

148 1854 223 1933 ἐνὸς
258 1855 419 1938 μένουσαι
454 1859 559 1924 τόπου
595 1867 657 1941 γῆς
692 1879 728 1921 τε
762 1859 935 1941 μυκήματα
966 1857 1022 1922 καί
1053 1858 1171 1942 τρόμοι
1190 1878 1215 1919 ιι

148 1972 298 2048 συνεχεῖς
324 1961 492 2048 ἐγίνοντο,
519 1967 650 2050 μορφαί
674 1963 703 2028 τ’
726 1964 874 2028 εἰδώλων
902 1959 1012 2028 ἄλλοτ’
1040 1963 1170 2030 ἀλλοῖαι

147 2066 191 2134 δι’
219 2068 315 2155 ἀέρος
343 2073 525 2158 φερόμεναι
551 2071 607 2137 καί
636 2071 748 2156 φιιναλ
773 2070 993 2156 ταράττουσαι
1016 2071 1170 2137 διάνοιαν

147 2176 349 2263 ἀνθρώπων,
376 2179 432 2244 καλ
459 2177 567 2244 πάντα
595 2177 657 2243 ὅσα
684 2176 815 2254 τούτοις
838 2177 935 2259 ὅμοια
958 2177 1170 2261 συνέπιπτεν,

148 2282 317 2368 εὑρίσκετο
358 2285 414 2350 καὶ
451 2284 554 2350 πάλαι
589 2284 670 2350 ποτὲ
705 2286 867 2368 γεγονότα
902 2280 1004 2368 ήττον
1039 2307 1074 2349 τε
1114 2285 1171 2350 καί
1233 2363 1235 2366 ¹

147 2395 287 2473 μᾶλλον·
317 2385 358 2456 οὗ
388 2391 427 2456 δέ
458 2391 591 2476 άπειροί
616 2414 651 2456 τε
681 2391 736 2456 καί
764 2391 901 2476 ἀνήκοοι
929 2387 979 2456 έτι
1007 2387 1093 2476 ήσαν
1115 2393 1215 2458 καίεο

147 2494 201 2582 ἐφ’
228 2489 256 2586 ᾦ
287 2497 428 2581 μάλιστα
459 2495 703 2583 ἐταράχθησαν,
732 2497 857 2564 τοιόνδ’
883 2495 938 2584 ήν·
971 2500 1107 2585 νιφετὸς
1136 2497 1170 2577 ἐξ

148 2603 295 2690 οὐρανοῦ
326 2603 533 2689 κατέσκηψεν
564 2606 612 2682 είς
642 2615 707 2690 γήν
738 2608 845 2684 πολὺς
876 2606 917 2672 οὐ
947 2609 1044 2692 χιόνα
1073 2629 1171 2672 κατα-

148 2710 272 2796 φέρυν,
299 2711 384 2777 άλλδι
409 2722 541 2798 σαρκῶν
563 2713 764 2798 θραύσματα
786 2711 908 2780 ἐλάττω
932 2737 968 2779 τε
985 2713 1042 2780 καλ
1064 2715 1170 2797 μείζω.

70 2817 275 2886 ιεεοτοότυν
296 2820 337 2884 τά
359 2819 421 2902 μέν
438 2821 546 2885 πολλά
568 2820 726 2907 μετάρσια
749 2822 1014 2906 προσπετόμεναι
1035 2832 1170 2906 πτηνῶν
1188 2823 1210 2887 4

218 2964 234 3013 9
273 2958 410 3023 ιλονικίας
422 2961 469 3015 Ba
487 2959 662 3030 φιλονεικίας
671 2961 748 3016 ABb
763 2962 798 3016 ef.
809 2961 929 3016 Hultsch
944 2963 1011 3018 edit.
1022 2963 1119 3032 Polyb.
1130 2963 1171 3017 11²

147 2979 286 3100 praefig]
304 3031 376 3086 Smit
395 3032 460 3088 obs.
479 3051 507 3102 p.
522 3038 556 3086 52
625 3038 658 3087 14
677 3031 831 3106 φερόμενα]
851 3031 1011 3104 φαινόμενα
1029 3052 1052 3089 ο.
1068 3033 1171 3089 Garrer

148 3099 213 3156 obs.
227 3120 255 3172 p.
267 3108 301 3157 26
356 3109 388 3158 1⁷
404 3102 534 3166 διανοίας
547 3121 571 3158 ο.
581 3104 725 3175 Kiessling
781 3111 814 3160 18
829 3103 913 3172 δμοια
925 3103 987 3161 τότε
1002 3103 1169 3162 συνέπιπτεν

148 3189 170 3228 ο.
189 3172 293 3228 Reiske
367 3179 400 3229 19
423 3171 507 3242 ἧττον
526 3175 556 3230 δὲ
576 3177 625 3230 καλ
643 3179 747 3244 μᾶλλον
765 3176 818 3230 ΑΒ
841 3172 868 3244 ἡ
887 3178 984 3231 τεκαὶ
1002 3198 1028 3248 μ.
1047 3177 1171 3247 Sylburg

148 3249 181 3298 20
201 3240 233 3299 οὗ
254 3245 284 3299 δὲ
304 3244 416 3314 ἀπειροι
430 3245 471 3302 ἐτι
484 3241 556 3316 ἦσαν
570 3248 619 3301 καλ
634 3247 753 3316 ἀνήκοοι
766 3249 792 3300 Α
860 3255 893 3302 21
913 3247 960 3316 ἐφ’
973 3242 995 3322 ᾧ
1007 3249 1037 3304 δὲ
1052 3249 1169 3320 μάλιστα

146 3315 169 3368 Β
196 3315 231 3370 ef.
253 3315 341 3371 Cobet
366 3317 431 3372 Obs.
454 3336 482 3388 p.
503 3323 555 3372 186
581 3316 628 3386 ἐφ’
650 3312 672 3392 ᾧ
694 3319 729 3389 δή
753 3335 776 3372 c.
795 3319 893 3374 Naber
909 3319 1044 3376 Mnemon.
1063 3326 1106 3388 30,
1117 3327 1167 3375 251

147 3393 182 3442 24
201 3386 241 3441 ἔτι
259 3387 393 3457 μετάρσια
412 3406 435 3444 α.
449 3389 554 3444 Reiske
579 3389 582 3461 λ
610 3387 821 3458 προσπετόμενα
839 3400 948 3458 πτερῶν
966 3393 991 3445 Α
1016 3390 1169 3460 προσπετό-

147 3477 217 3526 μενα
235 3468 381 3527 πτερωτῶν
400 3459 453 3514 ὅσα
471 3460 546 3515 έττλν
565 3461 683 3531 ἀγελαῖα
702 3478 724 3516 ο.
740 3461 935 3530 casaubonus,
958 3461 1169 3532 προσπετόμενοι

147 3537 281 3583 πετεινῶν
300 3529 353 3584 ὅσα
371 3531 442 3586 εἰσίν
462 3531 579 3601 ἀγελαῖα
597 3532 698 3586 Portus

974 3640 1008 3692 1*
