2654 3916
576 216 745 266 -Κ-
1107 214 1172 279 327

151 363 204 418 τες
226 340 334 406 πάντα
356 341 397 405 τὰ
419 339 594 425 πράγματα
616 338 825 424 διέφθειραν.
868 337 918 425 (5)
938 335 984 404 Ἥ
1004 339 1042 404 δὲ
1064 337 1214 404 πλευ-2

151 448 227 513 ταία
248 468 284 513 τε
306 447 362 512 καί
385 457 502 512 πασῶν
524 447 661 530 μεγίστη
683 445 826 522 κάκωσις
848 444 990 522 άπάσαις
1016 454 1087 524 ταῖς
1115 447 1175 511 πό-

152 560 245 620 λεσιν
266 554 287 637 η
311 554 498 619 Διονυσίου
522 552 681 636 τυραννίς
704 550 835 636 ἐγένετο
862 560 923 618 τοῦ
949 555 1175 638 κρατήσαντος

151 662 315 736 Σικελίας.
352 658 447 743 διέβη
466 660 530 744 γὰρ
549 660 597 736 είς
612 655 755 724 Ἰταλίαν
774 656 829 724 ἐπί
842 655 1014 744 Ῥηγίνους
1032 663 1175 746 Λοκρῶν

152 765 450 850 ἐπικαλεσαμένων,
482 757 533 843 οἷς
563 762 650 850 ἦσαν
682 767 715 832 ολ
740 763 885 851 Ῥηγίνοι
916 765 1086 852 διάφοροι·
1119 767 1175 832 καί
1207 786 1219 826 ι

152 874 391 939 συνελθόντων
416 871 466 938 ἐπ’
484 873 588 938 αὐτὸν
607 872 802 940 Ἰταλιωτῶν
829 872 991 956 δυνάμεσι
1018 872 1175 958 μεγάλαις

153 979 305 1060 συνάψας
331 979 440 1066 μάχην
466 977 638 1046 ἀπέκτεινε
666 982 812 1066 συχνοὺς
837 981 894 1046 καί
920 982 1034 1058 πόλεις
1063 980 1175 1047 αὐτῶν

152 1087 216 1153 δύο
242 1088 325 1153 κατὰ
352 1086 472 1172 κράτος
498 1084 631 1164 ἐξεῖλεν.
682 1081 742 1153 εἶτ’
764 1081 866 1165 αὖθις
893 1075 1214 1173 ἑτέρανποιησά-ἳ»

151 1217 251 1277 μενος
278 1193 435 1277 διάβασιν
458 1192 644 1271 Ἱππωνιείς
671 1192 853 1278 ἀνέστησεν
883 1191 919 1260 ἐκ
947 1205 1006 1279 της
1036 1193 1175 1278 ἑαυτῶν,

152 1299 211 1380 οὓς
242 1298 413 1386 ἀπήγαγεν
443 1302 491 1379 εἰς
520 1302 690 1384 Σικελίαν,
721 1300 777 1367 καλ
806 1300 1041 1387 Κροτωνιάτας
1073 1299 1175 1380 έξείλε
1193 1323 1220 1362 ιο

150 1408 207 1474 καί
230 1405 401 1493 Ῥηγίνους
427 1407 483 1473 καί
511 1406 695 1473 διετέλεσεν
723 1405 778 1492 ἔτη
807 1407 936 1473 δώδεκα
962 1408 1092 1474 τούτων
1118 1431 1175 1474 τυ-

152 1525 287 1600 ραννῶν
322 1525 390 1581 τῶν
426 1516 565 1580 πόλεων.
620 1511 728 1580 ἔπειθ’
755 1516 788 1581 οί
821 1515 883 1598 μέν
914 1516 975 1580 τὸν
1005 1515 1175 1601 τύραννον

70 1641 141 1692 εισο
151 1623 298 1700 δεδιότες
320 1631 391 1699 τολς
413 1621 596 1708 βαρβάροις
618 1621 741 1699 αὑτοὺς
768 1610 977 1708 ἐνεχείριζον,
1004 1623 1037 1688 ol
1064 1623 1097 1688 δ’
1113 1621 1172 1688 ὑπ’

9 1737 10 1742 ’
151 1728 289 1795 ἐκείνων
320 1728 563 1811 πολεμούμενοι
593 1740 640 1817 τῶ
672 1729 827 1818 τυράννῳ
859 1732 917 1808 τάς
948 1731 1061 1808 πόλεις
1092 1750 1175 1816 τιαρ-

152 1835 323 1902 εδίδοσαν·
350 1835 412 1920 ὑφ’
429 1836 509 1902 ὅτου
533 1835 571 1902 δδ
593 1835 763 1922 πάσχοιεν,
791 1837 843 1903 άεί
869 1848 977 1915 κακῶς
1000 1837 1175 1923 δυσχεραί-
1193 1857 1219 1898 ιι

150 1965 268 2021 νοντες
286 1943 426 2030 εὐρίπου
445 1943 544 2029 δίκην
560 1946 641 2030 τῇδε
658 1945 714 2010 καί
737 1945 816 2029 τηδε
839 1945 923 2029 πρὸς
944 1945 982 2008 τὸ
1007 1945 1175 2029 συντυχὸν

12 2041 14 2054 '
151 2048 342 2137 ἐτράποντο.
394 2051 493 2118 Vates.

221 2156 310 2223 VIII.
339 2157 407 2246 (19,
430 2155 466 2244 6)
487 2154 558 2222 Ὅτι
586 2156 725 2241 Πύρρος
752 2155 847 2241 διέβη
874 2157 912 2222 τὸ
940 2157 1100 2241 δεύτερον
1127 2158 1175 2234 είς

147 2261 291 2329 Ἰταλίαν
314 2265 355 2330 οὐ
378 2264 580 2358 χωρούντων
602 2263 692 2349 αὐτῷ
715 2273 783 2328 τῶν
806 2261 844 2329 έν
864 2265 1003 2350 Σικελία
1025 2263 1175 2348 πραγμά-

150 2393 218 2436 των
240 2371 323 2436 κατά
345 2379 430 2436 νοῦν
453 2370 510 2435 διὰ
532 2370 570 2435 τὸ
593 2369 637 2454 μὴ
658 2372 835 2456 βασιλικὴν
854 2379 1002 2456 φανῆναι
1020 2372 1082 2456 την
1099 2371 1174 2456 ημε-
1192 2393 1219 2432 εο

150 2478 271 2560 μονίαν
290 2476 394 2542 αὐτοῦ
412 2486 484 2554 ταίς
502 2474 778 2563 ἐπιφανεστάταις
796 2478 944 2562 πόλεσιν,
958 2477 1042 2543 ἀλλὰ
1056 2477 1174 2543 δεσπο-

150 2587 253 2670 τικήν.
286 2584 455 2670 εἰσαχθεὶς
472 2585 537 2670 γάρ
556 2585 605 2662 είς
617 2585 839 2670 Συρακούσας
851 2584 918 2650 ὑπό
932 2607 968 2650 τε
981 2584 1175 2670 Σωσιστρά-

150 2715 210 2758 του
233 2700 294 2758 τοῦ
316 2700 520 2778 κρατοῦντος
537 2701 595 2776 τῆς
613 2693 741 2768 πόλεως
757 2693 832 2757 τότε
849 2691 905 2757 καί
925 2693 1096 2769 Θοίνωνος
1112 2701 1173 2757 τοῦ

151 2799 384 2886 φρουράρχου,
403 2799 608 2885 παραλαβὼν
629 2795 707 2885 παρ’
725 2797 863 2865 ἐκείνων
885 2799 926 2864 τά
948 2801 1096 2884 χρήματα
1118 2798 1174 2864 καί

151 2913 234 2983 ναῦς
257 2908 502 2992 χαλκεμβόλους
525 2905 609 2989 ὁμοῦ
637 2929 669 2970 τι
696 2905 867 2983 διακοσίας
893 2905 949 2970 καί
971 2913 1082 2970 πάσαν
1109 2904 1171 2990 ὑφ’
1192 2926 1217 2966 ιε

152 3011 258 3100 ἑαυτῷ
285 3013 506 3098 ποιησάμενος
528 3015 688 3079 Σικελίαν
715 3013 803 3106 πλην
826 3013 1013 3095 Λιλυβαίου
1036 3013 1173 3094 πόλεως,

150 3119 194 3204 ἣν
216 3115 265 3184 ἔτι
286 3124 394 3206 μόνην
412 3121 639 3206 Καρχηδόνιοι
661 3129 824 3206 κατεῖχον,
843 3119 890 3196 είς
908 3118 1095 3185 αὐθάδειαν
1117 3141 1173 3184 τυ-

153 3227 314 3311 ραννικὴν
336 3225 498 3314 ἐτρέπετο.
541 3227 640 3294 Vales.
660 3233 689 3292 ιλ
710 3225 829 3293 βαλόντε
851 3247 876 3291 s.
890 3248 917 3292 υ.
936 3226 1083 3313 Πύρρος.

223 3406 258 3454 24
279 3399 315 3454 τά
338 3418 391 3455 om.
411 3402 513 3457 Suidus
586 3407 620 3457 28
646 3399 772 3472 ἐτράπετο
794 3401 895 3457 Τωεοω.
916 3403 945 3456 εδ
968 3401 1070 3456 Suidas
1093 3399 1173 3470 ἐτρά-

150 3489 217 3526 πετο
236 3471 340 3527 Βοὶελεο
