2656 3932
551 231 585 242 -
622 204 662 255 IA
699 231 733 240 -
839 223 840 226 ’
1087 204 1149 269 137

132 355 188 409 τος
223 330 279 396 καί
320 331 415 406 Ίίτος
451 329 607 406 Κοίντιος
644 331 879 405 Καπετωλῖνος
919 327 974 393 καί
1011 328 1152 405 Λεύκιος

131 441 339 523 Λουκρήτιος
365 437 421 502 καί
447 434 568 512 πάντες
590 433 663 519 ἑξῆς
687 436 720 500 ολ
742 435 968 519 πρωτεύοντες
990 433 1070 501 δέκα
1091 443 1151 501 τοῦ

132 545 312 629 συνεδρίου
336 552 375 630 τῇ
399 543 573 626 Κλαυδίου
597 542 711 632 γνώμη
734 542 982 628 προσετίθεντο.

203 650 290 717 XVL
310 641 430 739 Ἐφίβ
459 648 737 735 διαταραχθέντες
767 649 800 714 οὶ
826 649 903 733 περὶ
929 650 989 714 τὸν
1008 647 1153 715 ’Ἀππιον

131 757 376 842 ἐβουλεύσαντο
399 755 514 841 μηκέτι
535 752 615 822 καθ’
632 757 765 840 ἡλικίαν
787 755 843 821 καί
865 759 990 840 βουλῆς
1017 753 1153 834 άξίωσιν
1185 775 1198 816 ι

132 865 346 949 συμβούλους
363 869 488 948 καλεῖν,
511 863 595 930 άλλά
612 859 683 928 κατ’
701 863 886 947 οἰκειότητα
908 862 964 928 καὶ
986 864 1048 947 τὴν
1070 865 1154 948 πρὸς

46 974 256 1052 2194αύτοὺς
287 970 443 1056 ἑταιρίαν.
496 971 551 1036 καί
582 971 763 1055 παρελθὼν
794 969 935 1055 Μάρκος
965 973 1154 1055 Κορνήλιος

132 1080 286 1164 ἀνίστησι
308 1078 455 1144 Λεύκιον
477 1080 670 1162 Κορνήλιον
692 1077 753 1142 τὸν
776 1075 936 1161 ἀδελφόν,
961 1075 997 1154 ὃς
1020 1079 1153 1165 Κοίντῳ

136 1188 251 1274 Φαβίφ
269 1185 488 1270 Οὐιβουλανῷ
507 1183 738 1262 συνυπάτευσε
756 1185 793 1250 τὸ
812 1185 926 1270 τρίτον
943 1183 1153 1268 ὑπατεύοντι,

133 1294 335 1379 δραστήριον
368 1293 475 1376 άνδρα
506 1291 562 1356 καί
592 1293 785 1369 πολιτικοὺς
816 1288 1002 1369 διεξελθεῖν
1034 1293 1155 1376 λόγους
1173 1313 1199 1352 ιο

133 1401 196 1478 οὐκ
215 1396 391 1465 ἀδύνατον.
429 1393 527 1475 οὗτος
545 1395 689 1474 άναστδς
706 1393 794 1476 ἔλεξε
809 1397 934 1464 τοιάδε·
955 1399 1154 1481 Θαυμαστὸν
1173 1399 1193 1463 2

133 1507 195 1590 μὲν
217 1503 260 1589 ἦν
283 1506 339 1571 καί
361 1501 465 1588 τοῦτ’,
488 1500 514 1569 ὦ
538 1507 659 1588 βουλή,
682 1505 712 1570 εί
730 1505 854 1589 ταύτην
873 1501 1003 1589 ἔχοντες
1021 1506 1154 1590 ἅνθρω-

133 1635 192 1679 ποι
218 1614 280 1697 την
305 1613 439 1696 ἡλικίαν
466 1607 612 1697 ἔχουσιν,
642 1611 675 1676 ολ
704 1613 768 1696 πρὸ
796 1609 877 1694 ἐμοῦ
907 1611 1044 1696 γνώμην
1074 1609 1155 1678 οἰπο-

133 1719 324 1805 φηνάμενοι
356 1718 412 1783 καὶ
444 1718 628 1804 πρωτεύειν
662 1716 831 1797 ἀξιοῦντες
866 1729 934 1784 τῶν
970 1717 1154 1805 συνέδρων,

132 1829 195 1911 τὴν
231 1825 268 1892 ἐκ
308 1836 376 1891 τῶν
416 1830 595 1891 πολιτικῶν
631 1825 937 1912 προσκρουσμάτων
973 1824 1155 1911 ἀπέχθειαν
1174 1845 1199 1886 ιι

134 1933 354 2000 ἀδιάλλακτον
377 1934 460 2018 πρὸς
482 1935 561 2010 τοὺς
583 1935 826 2019 προεστηκότας
848 1941 905 2016 τῆς
928 1935 1069 2015 πόλεως,
1097 1931 1156 2010 οὓς

133 2039 263 2126 ἐχρῆν]ι
282 2033 356 2106 οἶόν
374 2062 409 2104 τε
428 2040 480 2104 δεῖ
498 2039 689 2124 φυλάττειν,
711 2040 767 2105 καί
784 2049 855 2116 τοῖς
872 2038 961 2116 νέοις
979 2049 1155 2124 παραινεῖν
1268 2121 1270 2126 ,

135 2144 199 2213 άπὸ
228 2155 289 2213 τοῦ
319 2148 497 2232 κρατίστου
527 2152 699 2212 ποιεῖσθαι
724 2149 803 2222 τοὺς
832 2144 917 2230 ὑπὲρ
947 2155 1015 2210 των
1044 2149 1155 2210 καλῶν

135 2253 279 2338 ἀγῶνας,
302 2253 419 2338 καὶμὴ
439 2255 632 2336 πολεμίους,
656 2249 741 2317 ιἰλλδ
759 2253 880 2336 φίλους
897 2252 1054 2336 ἡγεῖσθαι
1076 2254 1156 2328 τοὺς

133 2361 210 2447 περὶ
237 2371 305 2426 τῶν
332 2370 456 2426 κοινῶν
484 2356 624 2443 ἀγαθῶν
652 2355 863 2435 ἀντιπάλους.
913 2362 1025 2446 πολλῷ
1053 2354 1084 2424 δ’
1107 2331 1200 2461 έτιὲ0

133 2469 255 2535 τούτου
282 2468 559 2552 θαυμασιώτερόν
585 2464 688 2550 ἐστιν,
717 2467 748 2531 εί
777 2467 834 2543 τὰς
861 2465 948 2542 ἰδίας
975 2461 1155 2550 ἀπεχθείας

206 2684 221 2732 2
246 2674 316 2732 δέκα
341 2676 497 2731 Glareanus
521 2674 686 2746 Sylburgius
711 2676 761 2730 alii
784 2675 947 2732 deleverunt
1020 2676 1156 2747 ὅβουλης

134 2747 249 2816 ἀξίωσιν
275 2747 298 2804 Ο
330 2756 411 2818 τιμῆς
438 2748 464 2802 ά.
488 2745 631 2817 Kiessling
662 2747 762 2818 άρετης
789 2747 815 2802 ά.
842 2745 930 2802 Cobet
957 2745 1022 2801 Obs.
1050 2765 1078 2816 p.
1104 2751 1155 2801 205

135 2819 243 2876 6κατδι
257 2816 453 2890 οῖκειύτηταΟ
509 2818 738 2894 9ούιονλανῷο
790 2825 823 2874 12
838 2818 923 2890 βουλὴ
938 2818 1001 2872 ολΙι
1040 2818 1086 2872 ,εἰ
1100 2817 1155 2871 VM

136 2897 169 2946 13
188 2889 300 2962 ἠλικίαν
319 2889 468 2962 ίχουσινΟ
487 2893 552 2960 post
570 2888 682 2960 ἡλικίαν
701 2891 766 2945 εδδ.
782 2889 847 2946 οἵαν
862 2890 1005 2960 Kiessling
1018 2909 1053 2958 ην
1068 2887 1156 2942 Cobet

135 2961 201 3016 Obs.
225 2979 253 3030 p.
274 2968 327 3018 205
400 2967 434 3016 15
457 2961 677 3031 προκρουμάτων
700 2961 749 3016 LV
822 2967 855 3016 16
881 2965 946 3031 post
969 2961 1155 3015 ἀδιάλλακτον

135 3034 200 3088 εδδ.
227 3033 338 3104 ἔχουσιν
364 3033 499 3104 Sylhnrg,
525 3034 574 3088 sed
599 3049 690 3102 neque
715 3030 750 3102 ἣν
773 3033 818 3087 vel
840 3031 905 3088 οίαν
930 3047 1020 3100 neque
1044 3029 1155 3102 ἔχουσιν

134 3105 257 3160 inserere
280 3106 402 3160 editores
427 3104 598 3171 debuerunb,
622 3121 685 3158 eum
703 3103 789 3159 verba
814 3103 1155 3172 οί-άποφηνάμενοι-

137 3176 322 3240 άξιούντες-
342 3177 474 3246 apposita
499 3176 557 3231 sint
590 3176 593 3248 ί
629 3174 678 3238 οθς
702 3174 786 3246 ἐχρῆν
813 3172 875 3230 ολίν
899 3195 929 3230 τε
953 3177 999 3229 δεῖ
1021 3177 1093 3245 (δεῖν
1116 3175 1155 3243 Μ)

137 3245 285 3316 φυλάττειν
305 3248 327 3303 Ο
345 3247 431 3302 verba
450 3249 582 3316 corrupta
599 3249 628 3302 et
643 3246 763 3301 ίοιτεεεε
777 3246 880 3301 mutila
894 3247 934 3300 sie
948 3246 1060 3300 restitui
1073 3261 1156 3316 posse

135 3316 240 3373 Reiske
263 3319 447 3374 existimavit:
470 3318 519 3382 οθς
542 3317 626 3389 έχρην
649 3317 742 3388 ἐντελῆ
760 3319 809 3372 καὶ
828 3314 980 3386 ὁλόκληρον
998 3325 1058 3380 τοῖς
1075 3320 1156 3372 πολε-

135 3387 211 3461 μίοις
237 3389 325 3460 αύτην
353 3389 501 3458 φυλάττειν
587 3395 619 3444 1⁷
648 3388 797 3458 φυλάττειν
821 3387 843 3443 Ο
871 3391 1034 3457 φιλοκαλεῖν
1061 3387 1157 3443 Naber

136 3462 240 3518 Mnem.
256 3465 298 3530 30,
313 3466 363 3516 257
439 3466 471 3516 19
491 3458 590 3531 φίλους
609 3460 632 3516 Ο
652 3457 762 3530 φιλίους
780 3459 876 3515 Naber
894 3459 912 3514 l,
927 3459 945 3514 l.
