2662 3920
165 193 209 258 60
595 221 630 230 -
668 191 682 242 Ι
718 219 752 230 ·-

165 318 346 404 συνεδρίου
370 316 651 404 παραιτουμένοις·
673 317 733 382 τὸν
760 316 868 401 ἀνδρα
895 313 1039 401 ἀφῆκαν,
1065 317 1136 380 τόν
1153 337 1192 380 τε
1316 341 1317 346 ’

165 426 302 510 φθόνον
324 423 539 512 ὑφορώμενοι
561 433 621 490 τοῦ
645 423 849 509 πράγματος,
875 423 927 488 ότι
948 432 1074 507 πρῶτοι
1096 419 1191 504 ἔμελ-

166 537 226 597 λον
255 532 393 620 θανάτφ
425 535 582 617 ζημιῶσαι
611 533 672 597 τὸν
701 532 809 616 ἀνδρα
838 531 876 596 τὸ
906 529 1090 595 κελευσθὲν
1121 527 1190 594 ὑπὸ

165 649 232 704 τῶν
270 638 441 726 ἀρχόντων
476 642 675 723 ποιήσαντα,
711 637 767 704 καί
804 633 1005 720 δεδοικότες,
1041 637 1085 720 μὴ
1122 632 1190 701 ἀπὸ

135 747 286 831 εταότης
309 756 367 831 τῆς
386 746 588 832 προφάσεως
611 746 658 822 είς
682 741 847 816 ἀπόνοιαν
870 739 1132 826 ἀναγκασθῶσιν
1156 745 1191 808 οἱ

165 855 332 939 πατρίκιοι
354 853 550 939 τραπέσθαι.

236 958 369 1024 XXXII.
402 961 499 1025 Μετὰ
531 967 630 1024 τοῦτο
662 960 700 1024 τὸ
733 955 834 1044 ἔργον
871 959 1096 1042 συναχθείσης
1131 965 1190 1039 της

165 1070 290 1152 βουλῆς
313 1068 346 1132 οἱ
368 1068 430 1150 μὲν
452 1067 575 1132 ὕπατοι
596 1067 800 1152 κατηγορίαν
823 1065 951 1148 πολλὴν
974 1075 1042 1129 τῶν
1065 1063 1190 1148 δημάρ-

165 1195 235 1259 χων
262 1173 475 1259 ἐποιήσαντο·
502 1174 705 1259 παραλαβὼν
733 1173 770 1238 δὲ
792 1173 852 1238 τὸν
876 1172 977 1255 λόγον
1000 1170 1018 1236 ὁ
1038 1167 1190 1248 Ἰκίλλιος

121 1304 148 1344 ιο
165 1283 244 1366 περί
256 1291 304 1346 ’τε
331 1292 389 1366 τῆς
416 1283 464 1358 εἰς
490 1282 552 1346 τὸν
572 1277 742 1364 ὑπηρέτην
765 1279 866 1364 ὀργῆς
893 1275 1087 1361 ἀπελογεῖτο
1110 1280 1191 1354 τοὺς

168 1390 278 1474 ἱεροὺς
307 1385 559 1474 προφερόμενος
586 1383 725 1468 νόμους,
755 1383 834 1452 καθ’
857 1385 917 1464 οδς
946 1386 1023 1451 οὔτε
1053 1385 1273 1470 ἀρχοντινοῖσ

166 1491 236 1560 οὔτ’
274 1496 388 1586 ίδιότη
429 1503 648 1580 συνεχωρεῖτο
689 1493 847 1578 πράττειν
887 1492 989 1558 οὐδὲν
1034 1490 1189 1557 ἐναντίον

168 1602 341 1689 δημάρχφ,
369 1603 424 1667 καί
450 1603 527 1688 περὶ
553 1609 614 1666 τοῦ
642 1603 822 1683 συγκαλεῖν
845 1600 906 1684 τὴν
928 1600 1057 1683 βουλὴν
1079 1597 1190 1665 ἐδίδα-

126 1725 256 1844 2σκεν,
287 1707 332 1784 ὡς
362 1707 468 1774 οὐθὲν
498 1708 548 1792 εἴη
579 1707 765 1791 πεποιηκὼς
795 1707 930 1790 ἀτοπον,
960 1708 1106 1784 πολλοὺς
1134 1707 1190 1771 καῖ

122 1869 148 1908 15
166 1815 402 1892 παντοδαποὺς
425 1816 473 1892 είς
494 1821 593 1880 τοῦτο
617 1813 953 1900 παρασκευασάμενος
976 1811 1105 1897 λόγους.
1145 1813 1189 1890 ὡς

167 1919 198 1986 δ’
226 1918 412 1988 ἀπελύσατο
445 1922 566 2002 ταύτας
597 1923 655 1998 τὰς
685 1923 898 2006 κατηγορίας,
929 1922 989 1986 τὸν
1016 1919 1101 2006 ὑπὲρ
1128 1929 1188 1985 τοῦ

166 2029 275 2114 λόφου
294 2025 401 2112 νόμον
419 2028 599 2114 εἰσέφερεν.
635 2025 679 2113 ην
697 2028 735 2094 δὲ
755 2025 900 2094 τοιόσδε·
915 2023 997 2093 Ὅσα
1019 2028 1189 2111 μδνίδιῶ-

166 2139 229 2202 ταί·
247 2159 336 2213 τινες
362 2130 454 2222 είχον
481 2135 518 2202 ἐκ
545 2140 658 2215 (τοῦ)
687 2135 818 2202 δικαίου
845 2135 1059 2220 κτησόμενοι,
1085 2144 1189 2201 ταῦτα

165 2246 244 2320 τοὺς
280 2246 419 2330 κυρίους
454 2243 615 2330 κατέχειν·
654 2243 716 2308 ὅσα
752 2243 790 2308 δὲ
821 2243 1020 2326 βιασάμενοί
1048 2266 1137 2320 τινες
1167 2243 1187 2326 ἦ

122 2371 149 2411 ιο
166 2356 272 2436 κλοπῇ
297 2351 456 2434 λαβόντες
478 2348 750 2438 ᾠκοδομήσαντο,
777 2349 1020 2433 κομισαμένους
1046 2351 1105 2426 τάς
1132 2351 1188 2414 δα·

167 2457 287 2540 πάνας,
320 2457 359 2534 ἀς
391 2456 433 2521 ἀν
465 2457 498 2521 οί
530 2457 694 2540 διαιτηταί
726 2467 845 2540 γνῶσι,
882 2467 927 2543 τῷ
961 2457 1053 2544 δημφ
1085 2477 1188 2544 παρα-

168 2559 313 2628 διδόναι·
344 2564 386 2628 τδι
417 2562 455 2627 δὲ
480 2564 585 2646 ἀλλα,
617 2564 681 2628 ὅσα
710 2559 753 2647 ἦν
783 2563 940 2648 δημόσια,
971 2565 1072 2652 χωρίς
1092 2564 1189 2648 ’ὠνῆς

127 2670 227 2736 3τὸν
255 2669 363 2753 δῆμον
390 2670 626 2755 παραλαβόντα
653 2669 835 2734 διελέσθαι.
878 2668 1036 2736 ἐδίδασκέ
1056 2693 1110 2756 τε,
1138 2673 1189 2738 ότι

167 2785 265 2843 τοῦτο
293 2777 331 2841 τὸ
358 2777 540 2858 πολίτευμα
567 2777 615 2853 είς
640 2778 746 2842 πολλὰ
771 2777 832 2858 μὲν
854 2777 910 2842 καί
932 2777 1016 2842 ἀλλα
1039 2781 1189 2844 συνοίσει

123 2903 149 2944 ιτ
167 2892 207 2968 τῇ
237 2879 347 2966 πόλει,
377 2882 518 2965 μάλιστα
547 2883 585 2948 δὲ
613 2884 660 2960 είς
686 2885 724 2948 τὸ
752 2885 796 2968 μὴ
824 2885 1010 2964 στασιάζειν
1037 2882 1086 2950 ἔτι
1105 2887 1188 2972 περὶ

167 2995 226 3073 τῆς
255 2990 416 3074 δημοσίας
445 2990 553 3075 χώρας
584 2993 663 3068 τοὺς
694 2989 851 3124 πένητας,
882 2993 925 3076 ἣν
957 2993 991 3057 ολ
1022 2995 1189 3078 πατρίκιοι

167 3105 260 3160 κατεῖ
258 3119 327 3180 χον.
379 3095 561 3182 ἀγαπήσειν
588 3098 652 3182 γάρ
681 3097 803 3214 αὐτοὺς
829 3105 889 3184 τῆς
917 3095 1045 3176 πόλεως
1072 3101 1188 3185 λαχόν-

241 3276 255 3324 1
280 3270 389 3340 ἐφῆκαν
413 3272 436 3326 Ο
465 3272 580 3342 ἀφῆκαν
607 3272 728 3400 Sylburg
805 3281 821 3328 3
847 3271 896 3329 τὸν
923 3276 989 3328 ante
1015 3273 1108 3343 ἀνδρα
1133 3275 1187 3330 del.

168 3341 271 3410 Reiskq
344 3342 396 3396 9
383 3363 399 3398 ο
423 3361 477 3398 om
496 3344 549 3397 AB
624 3351 655 3399 1⁷
679 3343 769 3414 λόφου
792 3343 879 3414 νόμον
900 3347 925 3398 Α
952 3342 1041 3414 νόμου
1063 3296 1112 3416 λόγ
1113 3346 1187 3400 ονΒ

170 3417 203 3466 18
223 3411 254 3466 ἐκ
273 3411 432 3468 δικαίουΟ
443 3414 474 3468 ἐκ
492 3418 582 3470 τοῦδ.
598 3432 621 3470 ο.
636 3415 779 3488 Kiessling
828 3421 865 3470 20.
881 3365 1187 3508 ὠκοδ<ο>μήσαντοΒ

170 3489 202 3538 21
223 3484 473 3558 διαιτητ<αλ>Β
529 3492 563 3540 22
583 3482 694 3556 όσαῆν
707 3481 842 3543 Βόσα
827 3506 863 3541 αν
882 3509 899 3560 η
885 3467 943 3539 R
