2656 3932
567 262 600 272 -
639 236 678 287 ΙΑ
715 264 749 272 -
1105 238 1168 304 129

220 357 259 423 X.
279 358 451 424 Βούλεσθε
470 351 533 424 οὖν
551 357 706 441 ἀκοῦσαι,
723 359 812 436 τίνες
831 359 917 424 είσλν
932 361 966 425 αλ
979 363 1170 444 βιαζόμεναι

147 467 227 542 τοὺς
259 464 461 551 ἀνθρώπους
492 471 684 530 καταλιπεῖν
717 466 819 531 αἰτίαι
853 467 924 552 λερά
955 467 1011 534 καί
1041 469 1170 554 τάφους

147 573 326 657 προγόνων
348 572 404 638 καί
427 569 607 657 ἐξερημοῦν
630 569 766 656 ἐφέστια
787 571 843 637 καί
865 575 995 657 κτήσεις
1018 575 1169 660 πατέρων

146 678 204 744 καί
230 687 341 745 πᾶσαν
367 679 524 764 ἡγεῖσθαι
546 688 611 763 γῆν
633 677 894 764 ἀναγκαιοτέραν
916 690 974 765 της
997 683 1169 766 πατρίδος;

147 785 189 850 οὐ
213 786 277 870 γὰρ
300 787 378 871 ἀτερ
402 787 508 863 αίτίας
532 784 631 850 ταῦθ’
649 785 754 862 οὕτως
777 781 851 870 ἔχει.
898 784 962 869 ἐγὼ
985 788 1027 872 δη
1051 789 1168 874 φράσω
1202 809 1214 850 ε

146 893 231 978 πρὸς
252 891 338 976 ὑμᾶς
360 893 416 958 καλ
438 893 500 958 οῦκ
523 891 764 977 ἀποκρύψομαι.
801 895 995 980 κατηγορίαι
1017 896 1169 978 γίνονται
1188 897 1208 962 2

145 1004 205 1082 τῆς
228 998 331 1085 ἀρχῆς
353 998 458 1083 ὑμῶν,
472 997 603 1083 ’Ἀππια
626 999 746 1064 πολλαί
768 1000 824 1064 καλ
846 1003 935 1087 παρὰ
958 1006 1104 1067 πολλῶν·
1139 1004 1169 1068 ελ

145 1106 209 1188 μὲν
245 1105 383 1191 ἀληθεῖς
418 1105 438 1190 ἢ
470 1107 605 1186 ψευδεῖς
641 1105 742 1172 οῦδὲν
770 1106 885 1190 δέομαι
917 1110 1024 1192 ζητεῖν
1056 1107 1094 1174 έν
1123 1119 1168 1198 τῷ

146 1215 302 1299 παρόντι,
324 1215 477 1298 γίνονται
499 1209 530 1278 δ’
548 1208 611 1280 οὖν
625 1214 721 1296 ὅμως.
755 1213 867 1292 οὐδεὶς
881 1212 952 1299 (δ’,
967 1216 1037 1294 ὡς)
1052 1217 1169 1300 εἰπεῖν,

60 1337 134 1388 2182
146 1316 207 1398 ἔξω
231 1331 299 1388 τῶν
320 1319 489 1405 ὑμετέρων
511 1318 652 1407 ἑταίρων
675 1322 803 1398 οἰκείως
825 1329 895 1398 τοῖς
918 1331 1084 1408 παροῦσιν
1102 1319 1169 1408 ἔχει
1188 1346 1213 1386 ιο

145 1426 344 1511 πράγμασιν.
400 1428 433 1492 ολ
468 1426 529 1511 μέν
565 1425 596 1512 γ’
622 1428 746 1512 ἀγαθοί
781 1427 837 1493 καλ
869 1425 902 1506 ἐξ
935 1427 1085 1513 ἀγαθῶν,
1118 1422 1168 1507 οἷς

141 1539 314 1619 προσῆκεν
345 1535 502 1620 ἱερᾶσθαί
526 1557 562 1600 τε
588 1535 644 1600 καὶ
671 1536 786 1620 ἀρχειν
808 1535 863 1600 καί
886 1537 944 1612 τὰς
967 1537 1068 1614 ἀλλας
1090 1561 1168 1621 κοιρ-

146 1647 296 1706 ποῦσθαι
335 1641 444 1725 τιμάς,
485 1641 524 1720 ἀς
559 1642 593 1706 ολ
628 1639 765 1727 πατέρες
802 1641 914 1710 αὐτῶν
950 1640 1167 1728 ἐκαρποῦντο,

146 1747 309 1831 ἀχθονται
331 1748 460 1814 τούτων
478 1748 741 1831 ἀπελαυνόμενοι
764 1745 809 1813 δι’
826 1748 912 1832 ὑμᾶς
934 1751 993 1827 τὰς
1010 1771 1167 1836 προγονι-

145 1855 206 1930 κάς
241 1851 390 1933 ἀξιώσεις
426 1854 677 1934 ἀπολωλεκότες.
732 1857 764 1921 οἱ
802 1855 840 1921 δὲ
875 1857 937 1940 την
974 1857 1030 1922 διὰ
1064 1831 1211 1960 μέσουξέ5

145 1957 238 2038 τάξιν
252 1958 382 2047 ἔχοντες
404 1959 443 2028 ἐν
456 1971 495 2050 τη
514 1965 609 2029 πόλει
626 1963 682 2028 καί
700 1963 762 2046 την
775 1961 973 2048 ἀπράγμονα
991 1963 1167 2041 διώκοντες

143 2067 297 2152 ἡσυχίαν,
337 2069 514 2154 χρημάτων
554 2069 582 2134 τ’
608 2068 744 2146 ἀδίκους
786 2069 936 2156 ἁρπαγάς
968 2068 1167 2154 ἐγκαλοῦσιν

144 2173 225 2256 ὑμῖν
274 2175 330 2240 καί
370 2179 662 2262 προπηλακισμοὺς
707 2177 754 2252 εἰς
800 2177 942 2260 γαμετὰς
987 2175 1167 2262 ὀδύρονται

143 2290 305 2364 γυναῖκας
331 2283 386 2348 καί
413 2285 588 2370 παροινίας
615 2285 662 2359 εἰς
688 2281 877 2368 θυγατέρας
904 2279 1084 2366 ἐπιγάμους
1103 2283 1166 2360 Ικαί

144 2389 246 2465 ἀλλας
271 2387 386 2474 ὕβρεις
413 2392 537 2468 πολλὰς
564 2390 619 2456 καί
646 2388 797 2474 χαλεπάς.
843 2391 880 2454 τὸ
904 2389 942 2454 δὲ
965 2364 1211 2494 πενέστατονέἶ)

143 2503 203 2561 τοῦ
246 2495 424 2579 δημοτικοῦ
464 2497 564 2582 μέρος
599 2493 670 2562 οὔτ’
702 2495 922 2582 ἀρχαιρεσιῶν
963 2493 1012 2561 ἐτι
1047 2497 1166 2582 κόριον

143 2603 322 2685 γινόμενον
350 2603 426 2668 οῦτε
448 2614 673 2689 ψηφοφοριων
692 2599 764 2669 οὔτ’
781 2604 829 2681 είς
852 2601 1025 2688 ἐκκλησίας
1046 2604 1166 2670 καλού-

142 2731 242 2774 κευον
256 2705 327 2774 οὔτ’
341 2710 443 2794 ἀλλης
457 2715 627 2796 πολιτικῆς
641 2712 900 2796 φιλανθρωπίας
913 2711 1166 2794 μεταλαμβάνον

59 2832 132 2883 2183
144 2814 316 2900 οὐδεμιᾶς,
344 2817 400 2882 διδι
426 2826 529 2883 ταῦτα
555 2814 659 2884 πάνθ’
677 2815 762 2901 ὑμᾶς
788 2827 878 2901 μισεῖ
903 2818 959 2884 καί
981 2817 1165 2902 τυραννίδα

143 2926 236 2986 καλεῖ
256 2924 318 3008 την
341 2919 455 3010 ἀρχήν.
1183 2944 1209 2986 ει

215 3138 230 3188 2
254 3131 431 3190 καταλείπειν
457 3151 479 3188 ο.
502 3133 605 3190 Garrer
630 3134 695 3190 Obs.
719 3153 746 3204 p.
768 3140 801 3190 57
876 3140 891 3188 9
919 3134 1003 3189 οῦδὲν
1026 3135 1116 3189 εἰπεῖν
1141 3135 1163 3190 O

142 3204 295 3275 (Kiessling
320 3207 405 3276 errat)
433 3206 526 3268 οὐδεὶς
553 3204 581 3260 δ’
606 3206 642 3269 ὡς
669 3206 759 3260 εἰπεῖν
788 3205 971 3262 Casaubonus
999 3204 1061 3261 οὐδ’
1088 3205 1162 3262 ἐστίν

142 3275 232 3329 εἰπεῖν
258 3293 281 3330 ο.
302 3277 406 3331 Reiske
489 3283 521 3330 11
548 3277 575 3332 οἱ
600 3274 651 3346 μέν
675 3297 706 3348 γε
732 3277 755 3332 Ο
784 3277 811 3332 οἱ
837 3277 887 3348 μὲν
913 3277 966 3347 γὰρ
995 3295 1018 3332 ο.
1040 3277 1163 3332 Reudler

143 3345 232 3399 Tiroc.
253 3347 313 3400 crit.
332 3355 392 3416 με
466 3355 500 3403 14
522 3351 588 3418 post
610 3346 831 3418 ἀπελαυνόμενοι
854 3347 998 3419 Kiessh'ng
1023 3349 1072 3403 καί
1096 3349 1161 3403 εδδ.

142 3421 177 3542 Ξῦ
193 3414 385 3540 γενὲίαμενουΟ
410 3420 530 3475 correxit
548 3420 652 3474 Reiske
680 3421 682 3491 λ
711 3428 899 3490 ψηφιφοριῦν
923 3419 945 3474 Ο
1019 3426 1053 3475 26
1073 3421 1162 3490 ἀρχὴν

160 3495 220 3556 μῶν

201 3588 305 3633 mom.
314 3591 377 3634 mn.
386 3593 426 3635 Π.
440 3601 481 3637 πω.
491 3594 597 3640 neon.
985 3603 1000 3652 9
