2662 3920
572 221 727 272 -Ι-
1113 219 1156 284 33

137 363 244 414 κασαν
273 345 432 414 ἐκλιπεῖν·
462 345 518 411 καί
547 345 704 428 οὐδεμιᾶς
733 341 781 409 ἔτι
808 346 988 430 κληθείσης
1015 343 1069 412 ἐπὶ
1096 347 1157 430 τὴν

137 456 358 540 ψηφοφορίαν
376 451 497 532 τάξεως
511 491 556 500 -
572 452 660 538 τρισλ
673 448 738 537 γὺρ
751 447 838 536 ἦσαν
852 453 962 537 λόχοις
975 454 1110 530 πλείους
1124 455 1158 518 ολ

137 561 365 646 διενέγκαντες
387 562 449 645 τὴν
470 566 587 645 ψῆφον
611 562 703 644 λόχοι
725 569 793 624 τῶν
815 558 1088 641 ὑπολειπομένων
1112 598 1157 606 -

137 668 155 734 ὑ
178 668 240 750 μὲν
267 669 371 752 δῆμος
397 666 495 757 όπηει
521 668 700 752 συμφορὰν
722 669 861 752 βαρεῖαν
883 666 1083 752 ἡγούμενος,
1107 667 1158 732 ὅτι

136 786 244 857 μισῶν
276 775 398 852 αὐτοὺς
430 775 514 860 ἀνὴρ
547 771 697 851 ἐξουσίας
724 773 886 858 ὑπατικῆς
913 769 1004 839 ἔσται
1031 775 1156 860 κύριος,
1189 795 1201 836 ε

135 883 156 966 η
180 883 285 966 βουλὴ
310 881 348 946 δὲ
370 877 492 963 έπεμπε
515 883 594 958 τοὺς
616 879 914 965 παραληψομένους
941 882 1001 946 τὸν
1027 881 1157 956 ὑπατον

136 989 192 1054 καί
223 986 362 1066 ἄξοντας
394 985 447 1054 έπί
479 989 540 1072 την
573 987 686 1074 ἀρχήν.
737 984 832 1073 ἔτυχε
864 988 902 1053 δὲ
931 997 1111 1072 τηνικαῦτα
1138 988 1197 1054 ὑ4

136 1098 294 1173 Κοίντιος
330 1095 479 1182 ὑρουρύν
515 1117 590 1160 τινα
625 1095 889 1181 ὑπεργαζόμενος
931 1097 978 1172 εἰς
1017 1095 1157 1180 σποράν,

137 1203 237 1280 αὑτὸς
273 1199 490 1268 ἀκολουθῶν.
510 1211 579 1278 τοῖς
615 1203 763 1286 σχίζουσι
794 1203 856 1286 τὴν
891 1203 985 1267 νειὸν
1016 1203 1158 1285 βοιδίοις

137 1307 270 1395 ἀχίτων,
297 1309 536 1396 περιζωμύτιον
562 1305 648 1394 ἔχων
670 1309 726 1375 καί
752 1307 807 1374 ἐπί
833 1317 873 1395 τῇ
891 1314 1024 1394 κεφαλῇ
1048 1315 1157 1375 πῖλον.
1176 1331 1202 1371 ιο

139 1418 220 1482 ἰδὼν
248 1417 286 1482 δὲ
313 1421 444 1500 πλῆθος
471 1413 663 1502 ἀνθρώπων
691 1417 738 1493 είς
765 1418 802 1482 τὸ
832 1418 956 1502 χωρίον
984 1417 1158 1482 εἰσιόντων

136 1527 174 1590 τό
202 1547 237 1588 τε
265 1525 409 1609 ἄροτρον
436 1521 552 1608 ἐπέσχε
578 1524 634 1588 καῖ
661 1525 769 1589 πολὺν
798 1523 916 1610 ηπόρει
945 1525 1079 1609 χρόνον,
1110 1525 1157 1590 οἵ·

137 1629 226 1707 τινές
252 1653 287 1694 τε
315 1624 383 1696 εἶεν
409 1630 465 1695 καλ
491 1631 582 1706 τίνος
609 1630 762 1712 δεόμενοι
789 1632 873 1716 πρὸς
900 1631 1004 1696 αὑτὸν
1030 1632 1155 1714 ἥκοιεν

138 1733 249 1800 ἔπειτα
267 1737 538 1823 προσδραμόντος
556 1738 648 1814 τινὸς
665 1737 721 1802 καί
743 1737 961 1815 κελεύσαντος
980 1740 1157 1821 κοσμιώτε-

138 1866 200 1928 ρον
231 1841 351 1908 έαυτδν
383 1849 518 1929 ποιῆσαι
550 1844 732 1930 παρελθὼν
761 1846 809 1930 είς
835 1846 897 1930 την
924 1846 1074 1929 καλύβην
1101 1847 1157 1910 καί
1176 1864 1200 1905 ιι

47 1947 381 2035 2033όιμφιεσύμενος
418 1957 599 2036 προῆλθεν.
633 1952 687 2016 ολ
722 1947 752 2016 δ’
784 1949 838 2017 ἐπί
872 1952 933 2036 την
965 1952 1195 2037 παρόληψινό

137 2058 240 2122 αὑτοῦ
272 2060 434 2143 παρόντες
465 2058 658 2143 ησποίσαντό
689 2081 725 2123 τε
757 2059 899 2136 ἅπαντες
931 2059 994 2124 οὐκ
1026 2057 1062 2124 ἐκ
1095 2069 1155 2124 τοῦ

136 2163 311 2248 ὀνόματος,
340 2162 412 2230 ἀλλ’
437 2165 567 2232 ὑπατον
588 2167 644 2231 καί
666 2168 728 2250 τὴν
751 2167 1005 2252 περιπόρφυρον
1029 2163 1156 2251 ἐσθῆτα

136 2271 337 2355 περιέθεσαν
364 2273 442 2350 τούς
469 2296 504 2337 τε
529 2272 675 2349 πελέκεις
697 2273 752 2338 καί
774 2269 876 2339 τᾶλλα
899 2272 1076 2356 παράσημα
1098 2280 1156 2357 τῆς

137 2375 240 2462 ἀρχῆς
258 2381 526 2463 παραστησαντες
545 2378 746 2445 ἀκολουθεῖν
765 2381 812 2456 είς
830 2380 893 2464 την
911 2380 1010 2462 πόλιν
1029 2377 1155 2463 ἠξίουν.
1174 2403 1201 2442 εο

135 2484 287 2562 κάκεῖνος
305 2486 425 2571 μικρὸν
443 2484 588 2570 ἐπισχὼν
605 2486 661 2550 καὶ
679 2486 846 2571 δακρύσας
864 2494 1027 2552 τοσοῦτον
1050 2481 1155 2552 εἶπεν·

128 2588 298 2676 ’Ἀσπορον
326 2593 390 2678 ἄρα
417 2615 473 2674 μοι
497 2594 535 2658 τὸ
558 2595 682 2678 χωρίον
705 2590 797 2658 ἔσται
818 2602 940 2659 τοῦτον
962 2595 1022 2658 τὸν
1045 2591 1155 2658 ἐνιαυ-

136 2701 205 2782 τόν,
228 2699 284 2764 καί
306 2699 570 2784 κινδυνεύσομεν
588 2700 649 2785 οὐχ
669 2697 765 2784 ἕξειν,
784 2701 893 2765 πόθεν
912 2701 1154 2785 διατραφῶμεν.

137 2800 235 2870 ἔπειτ’
268 2803 499 2888 ἀσπασόμενος
526 2808 587 2891 τὴν
614 2817 757 2890 γυναῖκα
783 2807 931 2872 καὶτῶν
959 2803 1058 2872 ένδον
1086 2804 1154 2871 ἐπι-

137 2917 310 2993 μελεῖσθαι
339 2915 560 3000 παραγγείλας
591 2912 692 3001 ᾤχετο
723 2915 770 2992 είς
800 2915 862 2998 τὴν
892 2916 998 2979 πόλιν.
1052 2890 1198 3018 ταῦταξδὅ

137 3019 175 3084 δὲ
197 3021 258 3105 οὐχ
282 3019 397 3107 ἑτέρου
419 3021 510 3098 τινὸς
532 3021 630 3106 χάριν
656 3023 762 3087 είπεῖν
790 3023 976 3106 προήχθην,
1005 3017 1076 3085 ἀλλ’
1099 3021 1155 3085 ἵνα

137 3129 285 3212 φανερὸν
326 3127 461 3212 γένηται
501 3136 618 3211 πᾶσιν,
668 3120 733 3194 οἷοι
787 3127 859 3192 τότε
900 3123 986 3212 ἦσαν
1025 3129 1058 3193 οῖ
1096 3135 1155 3212 τῆς

208 3255 223 3303 3
243 3247 470 3320 ἀπολειπομένων
489 3250 511 3305 Ο
535 3248 761 3320 ὑπολειπομένων
780 3267 802 3305 ο.
818 3249 961 3320 Kiessling
1027 3257 1043 3304 6
1061 3269 1153 3317 παρα-

135 3318 311 3418 ληψομένους
328 3319 377 3376 τὸν
397 3319 488 3390 ἄνδρα
508 3339 530 3377 ο.
545 3321 688 3392 Kiessling
749 3327 783 3376 10
802 3321 896 3446 πῖλοιγί]
915 3319 1039 3413 πιλίδρον
1057 3321 1154 3375 Νεοει

135 3391 237 3446 Mnem.
253 3397 296 3459 30,
311 3398 363 3447 252
414 3398 448 3447 18
466 3413 495 3447 τε
514 3410 567 3447 om.
584 3393 606 3448 Ο
622 3393 771 3463 μικοῖοτΒ
822 3399 855 3448 16
894 3410 1087 3464 μφιαοαμενος
1101 3392 1152 3445 ΑΒ

136 3463 418 3586 21Οδιὶριδῄαγρύσαςο
438 3480 507 3518 corr.
522 3464 610 3520 Cobet
626 3465 690 3520 obs.
710 3483 737 3534 p.
754 3469 803 3518 191
868 3469 901 3518 23
920 3462 1024 3536 πόθεν]
1044 3461 1153 3520 ὁπόθεν

136 3549 158 3586 ο.
197 3549 249 3588 oe
289 3577 323 3588 ..

192 3655 417 3697 momimdv.
431 3653 588 3696 ιοῖιοοιιιι.
977 3649 992 3696 3
