2654 3916
453 796 859 897 EXOERPTA

631 977 681 1034 Ex

534 1127 677 1200 LIBRO
706 1127 781 1201 XX.

215 1480 238 1546 I.
263 1481 421 1568 [Πύρρου
444 1479 500 1547 καὶ
518 1477 685 1564 Ῥωμαίων
707 1481 843 1547 ὑπάτων
864 1482 1020 1547 Ποπλίου
1039 1483 1165 1547 Δεκίου

143 1588 199 1654 καί
223 1590 378 1654 Ποπλίου
401 1587 624 1673 Σουλπικίου]

215 1694 430 1778 Συνθέμενοι
462 1695 500 1761 δέ
531 1695 587 1760 διά
619 1695 774 1781 κηρύκων
805 1698 866 1762 τὸν
896 1698 1032 1783 χρόνον,
1068 1693 1106 1762 έν
1139 1688 1166 1785 ᾧ

144 1801 416 1886 διαγωνιοῦνται,
447 1801 646 1886 κατέβαινον
677 1800 715 1868 ἐκ
745 1815 813 1869 τῶν
846 1803 1079 1890 στρατοπέδων
1110 1803 1167 1870 καί

143 1909 191 1986 είς
222 1905 315 1986 τάξιν
347 1911 549 1976 καθίσταντο
577 1909 724 1977 τοιάνδε·
755 1912 912 1992 βασιλεὺς
938 1910 1000 1993 μὲν
1028 1910 1166 1995 Πύρρος
1198 1929 1211 1970 ο

142 2017 204 2100 τὴν
236 2017 474 2102 Μακεδονικὴν
507 2017 661 2102 φάλαγγα
698 2016 833 2101 πρώτην
869 2012 982 2092 ἔταξεν
1014 2014 1069 2082 έπλ
1104 2025 1166 2082 τοῦ

143 2120 254 2201 δεξιοῦ
282 2123 418 2210 κέρατος
445 2123 501 2190 καί
528 2119 597 2205 μετ’
615 2123 721 2206 αὐτὴν
743 2124 822 2199 τοὺς
850 2120 887 2188 έκ
908 2130 969 2187 τοῦ
998 2122 1166 2207 Τάραντος

142 2231 377 2314 μισθοφόρους
407 2229 598 2306 Ἰταλιώτας.
653 2225 765 2294 ἔπειτα
796 2231 875 2306 τοὺς
906 2227 940 2306 ἐξ
966 2227 1205 2315 Ἀμπρακίας2

142 2335 198 2400 καί
224 2331 294 2418 μετ’
312 2335 435 2412 αὐτοὺς
462 2336 523 2420 την
551 2337 766 2421 Ταραντίνων
793 2335 976 2401 λεύκασπιν
999 2335 1165 2422 φάλαγγα,

142 2439 216 2527 έξης
244 2441 282 2507 δὲ
307 2442 346 2507 τὸ
369 2443 537 2524 Βρεττίων
563 2441 619 2508 καί
642 2445 826 2510 Λευκανῶν
849 2444 1064 2528 συμμαχικόν.
1110 2442 1166 2510 έπί
1184 2466 1210 2506 ω

141 2549 243 2635 μέσης
272 2547 310 2614 δέ
338 2558 397 2632 τῆς
426 2547 597 2633 φάλαγγος
626 2549 846 2634 Θεσπρωτούς
875 2571 910 2614 τε
939 2549 995 2615 καλ
1021 2550 1165 2636 Χάονας,

141 2657 272 2734 τούτοις
295 2656 333 2721 δὲ
355 2664 506 2741 συνεχείς
528 2657 607 2733 τοὺς
624 2657 787 2722 Αἰτωλῶν
804 2655 861 2722 καί
879 2655 1092 2742 Ἀκαρνάνων
1109 2659 1165 2726 καί

139 2758 338 2848 Ἀθαμάνων
360 2765 609 2849 μισθοφόρους,
636 2764 846 2840 τελευταίους
869 2763 907 2828 δὲ
929 2766 1099 2843 Σαυνίτας
1126 2767 1164 2831 τὸ

143 2872 239 2936 λαιὸν
270 2869 518 2957 έκπληροῦντας
548 2869 655 2957 κέρας.
709 2880 767 2956 τῆς
799 2869 837 2936 δὲ
869 2871 973 2936 ἵππου
1009 2871 1072 2955 τὴν
1102 2871 1204 2954 μὲνὸ

142 2980 307 3043 Σαυνίτιν
329 2978 384 3043 καί
404 2979 607 3062 Θετταλικὴν
626 2978 682 3043 καὶ
701 2979 862 3064 Βρεττίαν
884 2977 940 3042 καί
962 2978 1024 3062 την
1044 2976 1081 3043 έκ
1103 2987 1164 3045 τοῦ
1183 2999 1209 3040 ιε

146 3079 313 3169 Τάραντος
331 3085 547 3171 μισθοφόρον
565 3081 620 3150 ἐπὶ
638 3092 699 3150 τοῦ
723 3083 833 3163 δεξιοῦ
855 3083 993 3170 κέρατος
1015 3081 1164 3171 ἔστησεν,

141 3189 203 3272 την
235 3189 272 3254 δὲ
302 3191 542 3280 Ἀμπρακιῶτιν
572 3191 628 3257 καί
658 3192 836 3276 Λευκανην
867 3191 923 3257 καλ
955 3195 1164 3278 Ταραντίνην

141 3295 197 3360 καί
218 3296 281 3380 τὴν
299 3293 497 3385 Ἑλληνικὴν
515 3299 741 3385 μισθοφόρου,
764 3299 807 3382 ἣν
825 3296 1028 3384 ἐξεπλήρουν
1048 3295 1164 3385 Ἀκαρ-

214 3474 246 3523 11
265 3469 319 3524 θέο
337 3473 464 3540 πρώτους
481 3474 547 3529 Ath.
