2654 3916
141 197 207 263 326
569 226 605 236 -*
640 199 668 253 K
703 225 736 235 -

196 328 269 409 ¹T6)
294 338 331 387 σε
354 321 410 387 καί
432 322 494 388 οὐκ
518 319 625 388 ἐθέλω
648 322 791 405 βαλέειν,
814 329 968 388 τοιοῦτον
991 320 1099 407 ἐόντα,

212 429 334 514 Λάθρη
363 428 578 513 ὀπιπτεύσας,
608 427 681 494 ἀλλ’
703 425 870 514 ἀμφαδόν,
901 429 938 495 αί
963 453 1000 496 κε
1029 430 1161 515 τύχοιμι

140 535 196 612 καί
218 537 299 618 μετὰ
321 534 410 601 τοῦτ’
428 535 542 620 εἰπών,
565 535 616 602 ὅτι
637 535 829 602 κινδυνεύει
851 537 1004 622 πονηράν
1026 546 1161 621 πεποιῆ-

141 649 224 708 σθαι
260 643 322 726 την
357 641 525 708 ὑπόθεσιν
560 651 621 708 τοῦ
657 641 804 725 πολέμου
839 644 923 730 πρὸς
959 643 1162 729 ἀνθρώπους

110 771 122 812 ε
141 748 342 826 ὁσιωτάτους
360 746 531 834 Ἑλλήνων
548 749 604 815 καί
625 748 869 833 δικαιοτάτους,
892 751 972 832 μίαν
993 746 1058 835 ἔφη
1076 756 1161 832 θεω-

142 865 214 942 ρεῖν
238 855 432 942 ἀπαλλαγὴν
454 865 514 922 τοῦ
537 853 684 938 πολέμου
706 857 811 940 καλην
833 856 889 922 καλ
912 856 1162 942 συμφέρουσαν,

141 964 171 1028 εί
203 965 325 1049 φίλους
357 963 432 1028 ἀντὶ
463 964 631 1046 πολεμίων
662 962 786 1040 αὐτοὺς
816 966 1005 1048 ποιήσαιτο,
1042 968 1162 1048 φιλαν-

140 1071 294 1155 θρωπίας
316 1071 408 1147 τινὸς
429 1069 572 1154 μεγάλης
594 1066 843 1154 καταρξάμενος.

100 1179 122 1243 2
213 1175 263 1264 (3)
284 1181 506 1262 Προαχθῆναι
525 1177 563 1243 δέ
584 1176 743 1252 κελεύσας
764 1179 844 1253 τοὺς
862 1173 1029 1260 Ῥωμαίων
1047 1177 1161 1262 αἰχμα-

97 1307 123 1347 ιο
141 1285 267 1362 λώτους
285 1285 340 1350 καί
359 1285 440 1361 δοὺς
458 1284 582 1350 άπασιν
600 1281 745 1368 ἐσθῆτας
762 1279 954 1367 ἐλευθέροις
971 1283 1162 1370 πρεπούσας

141 1391 269 1473 σώμασι
304 1391 360 1458 καλ
397 1390 550 1469 ἐνοδίους
584 1389 748 1473 δαπάνας,
785 1389 1008 1475 παρεκάλεσεν
1039 1389 1162 1467 αὐτούς

140 1505 344 1582 μεμνῆσθαι,
375 1489 445 1576 οἷος
472 1499 520 1576 είς
548 1497 670 1576 αὐτούς
697 1495 843 1581 ἐγένετο,
870 1496 926 1562 καί
953 1505 1023 1574 τοίς
1050 1497 1162 1572 ἄλλοις
1198 1493 1199 1497 ’

141 1604 261 1688 λέγειν,
285 1605 366 1671 ὅταν
385 1600 415 1672 δ’
430 1605 477 1680 είς
499 1605 558 1681 τὰς
580 1603 709 1670 ἑαυτῶν
727 1600 853 1669 ἔλθωσι
875 1603 1051 1689 πατρίδας,
1073 1603 1162 1693 πάση

101 1712 316 1881 ἐπροθΑυμίᾳ
334 1710 501 1882 πρρίττειν,
522 1710 614 1882 ὅίπωρ
630 1713 751 1796 φίλους
769 1713 947 1884 πῖιηρουιὲι
964 1710 1024 1787 τὰς
1041 1711 1160 1883 πόλίρις.

269 1839 352 1882 αον
440 1839 515 1881 τινα
552 1832 573 1881 σ
616 1841 697 1883 ντο
744 1833 895 1883 ασιικν
955 1839 985 1882 ει
1053 1833 1152 1883 υσν

97 1878 122 1919 1⁶
140 1921 197 1990 καί
224 1841 363 2007 οδδέμία
391 1841 527 2009 ἐδίρηται
553 1841 637 2010 πῖιὸς
664 1819 762 1990 τούδο
787 1925 825 1990 τὸ
848 1841 954 2007 βέλοςχ
969 1841 1163 2010 άνδῖιώποις

142 2033 283 2115 φυλακή.
329 2031 439 2097 Ambr.
713 2058 715 2064 ·

43 2157 44 2160 ’
213 2137 283 2202 VH
309 2136 377 2224 (19,
395 2134 431 2223 4)
449 2133 520 2202 Ὅτι
548 2138 706 2215 Κλεινίας
733 2137 751 2203 ὁ
779 2137 1014 2224 Κροτωνιάτης
1041 2137 1163 2222 τύραν-
1171 2154 1242 2204 2358

141 2267 201 2330 νος
223 2244 271 2310 διν
290 2245 444 2330 ἀφείλετο
467 2246 529 2328 την
548 2242 747 2330 ἐλευθερίαν
764 2253 836 2323 ταίς
859 2246 986 2330 πόλεσι,
1009 2243 1163 2331 φυγάδας
1237 2307 1239 2311 .

97 2371 123 2412 ιο
142 2350 305 2436 ἀθροίσας
334 2349 370 2418 ἐκ
393 2352 517 2428 παντὸς
543 2352 648 2416 τόπου
672 2351 728 2416 καλ
753 2352 897 2429 δούλους
920 2350 1162 2436 ἐλευθερώσας·

142 2449 192 2534 οίς
214 2458 276 2542 την
298 2458 483 2542 τυραννίδα
505 2456 752 2542 κρατυνάμενος
774 2461 853 2536 τούς
880 2457 1163 2544 ἐπιφανεστάτους
1171 2474 1241 2524 εισι

141 2567 387 2649 Κροτωνιατῶν
410 2563 469 2642 οὓς
491 2564 553 2647 μὲν
575 2563 778 2648 ἀπέκτεινεν,
807 2563 866 2642 οὓς
889 2565 927 2631 δέ
949 2563 1102 2648 ἐξέβαλεν
1125 2560 1162 2628 ἐκ

141 2680 199 2754 τῆς
221 2672 360 2748 πόλεως·
380 2667 552 2748 Ἀναξίλας
572 2670 610 2736 δέ
629 2668 788 2755 Ῥηγίνων
806 2672 868 2756 την
886 2669 1069 2758 ἀκρόπολιν
1085 2691 1162 2733 κατ-

142 2777 276 2871 ελάβετο
309 2778 364 2845 καλ
398 2777 506 2843 πάντα
537 2779 597 2842 τὸν
629 2785 688 2842 τοῦ
721 2779 798 2861 βίον
833 2779 958 2864 χρόνον
989 2777 1162 2861 κατασχὼν

97 2903 123 2945 ιε
142 2886 314 2970 Λεόφρονι
342 2894 388 2974 τῷ
418 2885 512 2951 παιδλ
543 2886 606 2970 την
635 2881 740 2970 άρχην
769 2883 930 2950 κατέλιπε.
981 2883 1037 2948 καλ
1066 2884 1162 2949 άλλοι

142 2990 206 3056 άπὸ
230 2991 359 3057 τούτων
382 2992 578 3069 δυναστείας
601 2989 639 3058 ἐν
661 3001 733 3070 ταῖς
754 2993 871 3057 πόλεσι
897 2990 1163 3056 κατασκευάσαν-

148 3285 149 3288 ,
213 3243 229 3292 ὁ
256 3236 420 3306 δσιωτέρους
447 3241 476 3293 et
503 3234 695 3307 δικαιοτέρους
720 3255 743 3292 ο.
766 3237 865 3292 δύνατο
938 3242 970 3290 11
995 3236 1026 3292 ἐν
1049 3234 1163 3298 ὀδίνους

142 3309 238 3364 Ambr.
258 3327 326 3365 corr.
345 3310 438 3364 Maius
515 3315 548 3363 13
574 3318 644 3365 πᾶσι
667 3307 763 3364 Ambr.
783 3325 852 3363 corr.
871 3307 964 3362 Maius
1042 3313 1075 3362 19
1100 3315 1163 3370 ταῖς

141 3379 238 3436 πόλεσι
256 3379 358 3440 Turon.
377 3379 427 3443 τὰς
444 3378 539 3444 πόλεις
556 3381 672 3448 Reiske‚
693 3380 743 3436 sed
767 3378 937 3435 cf.K1'1hner
959 3396 1047 3450 gram.
1069 3387 1161 3450 graec.

141 3451 232 3508 11281
248 3469 266 3507 ε
281 3453 360 3518 10(1;
379 3448 559 3506 Thuc.VIIb
633 3457 666 3506 15
685 3449 828 3509 κατέλειπε
848 3449 951 3506 Turon.
971 3468 1040 3507 corr.
1058 3451 1163 3506 Reisko
