2662 3920
577 214 732 264 -ς,
1144 213 1200 276 9.

142 349 221 432 θεῖν
248 341 331 406 κατά
357 340 417 404 τὸν
442 341 547 421 νόμον
570 337 706 423 ὑπέχειν
729 338 838 422 δίκας,
862 336 916 403 ε’πί
939 349 1007 405 τῶν
1029 338 1165 404 ὑπάτων

142 461 200 534 τῆς
232 450 371 534 κρίσεως
402 445 590 530 γινομένης·
629 445 647 511 ὁ
677 445 716 511 δὲ
745 445 852 530 πατήρ
882 445 987 510 αὐτοῦ
1016 452 1166 531 χαλεπῶς

142 555 308 642 φέροντας
336 555 399 638 τήν
428 553 613 618 αὐθάδειαν
641 561 702 618 τοῦ
732 554 904 638 μειρακίου
931 555 1011 630 τοὺς
1033 554 1165 636 δημοτι-

142 665 223 739 κοὺς
250 661 340 747 ὁρῶν
367 659 560 744 ἀπελογεῖτο
588 661 628 724 τά
650 659 712 743 μὲν
735 661 842 725 πολλά
864 660 971 744 ψευδῆ
995 683 1030 724 τε
1053 661 1109 726 καί
1132 660 1164 739 ἐξ

143 769 322 854 ἐπιβουλῆς
354 770 554 852 συγκείμενα
584 768 667 832 κατὰ
703 775 763 832 τοῦ
801 767 920 844 παιδὸς
952 764 1165 846 ἀποδεικνύς·
1198 788 1210 827 ⁵

144 877 206 943 ὅσα
229 873 260 940 δ’
283 874 344 941 οὐκ
367 873 448 960 ἐνῆν
471 871 685 960 ἀρνήσασθαι
706 875 807 959 μικρά
825 874 881 939 καί
899 879 1012 959 φαῦλα
1030 877 1086 941 καλ
1104 875 1166 942 οὐκ
1184 876 1206 938 4

143 982 218 1062 άξια
248 983 408 1067 δημοσίας
437 981 538 1068 ὀργῆς
569 975 655 1047 εἶναι
682 980 789 1065 λέγων
816 981 872 1046 καί
899 978 979 1046 οὐδὲ
1006 993 1110 1048 ταῦτα
1132 982 1165 1062 ἐξ

143 1089 323 1174 ἐπιβουλῆς
353 1089 374 1173 ῆ
407 1085 451 1153 δι’
484 1087 597 1172 ὕβριν,
631 1085 703 1153 ἀλλ’
731 1088 798 1153 ὑπὸ
833 1092 1022 1173 φιλοτιμίας
1055 1113 1167 1176 μειρα-

82 1219 84 1224 ·
143 1198 301 1274 κιῶδους
317 1198 479 1280 γεγονότα
511 1194 795 1279 ἐπιδεικνύμενος,
826 1192 870 1260 δι’
898 1197 942 1280 ῆν
971 1199 1078 1262 πολλά
1105 1199 1166 1280 μὲν

143 1301 233 1391 αὐτῷ
259 1306 427 1388 συμβῆναι
450 1303 571 1388 δρᾶσαι
592 1313 661 1368 τῶν
684 1299 881 1388 ἀβουλήτων
903 1301 941 1369 ἐν
964 1305 1166 1390 ἁψιμαχίαις,
1186 1325 1211 1364 1⁰

143 1413 251 1477 πολλὰ
269 1410 300 1475 δ’
318 1411 397 1488 ἴσως
415 1411 471 1475 καὶ
490 1415 625 1491 παθελν,
642 1409 719 1474 οὔτε
736 1411 865 1494 ήλικίας
883 1409 921 1476 ἐν
939 1423 984 1498 τῷ
1003 1415 1166 1500 κρατίστῳ

63 1535 135 1584 1995
144 1519 218 1583 όντι
247 1518 324 1582 οὔτε
354 1521 549 1603 φρονήσεως
581 1514 619 1582 ἐν
649 1527 695 1602 τῷ
727 1518 961 1606 καθαρωτάτῳ.
1007 1517 1102 1603 ῆξίου
1132 1519 1206 1586 τε5

143 1628 222 1701 τοὺς
254 1624 452 1708 δημοτικοὺς
483 1624 527 1706 μή
559 1625 665 1704 μόνον
697 1623 803 1709 ὀργήν
834 1627 878 1710 μή
911 1623 999 1711 ἔχειν
1031 1623 1085 1712 ἐφ’
1117 1619 1167 1704 οἷς

143 1733 289 1818 ήμαρτεν
317 1732 364 1808 είς
389 1730 538 1814 ὀλίγους,
566 1729 650 1795 άλλά
672 1730 728 1795 καὶ
750 1731 849 1817 χάριν
872 1733 997 1798 εἰδέναι
1019 1735 1096 1820 περὶ
1119 1729 1167 1799 ὧν

144 1839 291 1915 ἅπαντας
323 1831 361 1902 εὖ
394 1848 501 1904 ποιῶν
532 1835 570 1902 ἐν
601 1847 671 1914 τοῖς
703 1838 859 1921 πολέμοις
891 1840 1067 1925 διετέλεσε,
1097 1851 1167 1918 τοῖς
1187 1861 1211 1902 ιι

143 1946 205 2028 μὲν
243 1945 388 2021 ἰδιώταις
425 1942 623 2030 ἐλευθερίαν
659 1946 839 2030 κτώμενος,
880 1957 920 2032 τῆ
958 1949 995 2013 δὲ
1031 1949 1167 2033 πατρίδι

142 2054 335 2136 ἡγεμονίαν,
358 2049 464 2137 ἑαυτῷ
489 2051 527 2116 δέ
550 2051 679 2116 εἴποτε
698 2052 838 2138 ἁμάρτοι
855 2077 888 2118 τι
906 2058 1167 2139 φιλανθρωπίαν

143 2159 233 2244 παρά
261 2169 329 2224 τῶν
359 2163 494 2224 πολλῶν
523 2159 579 2223 καί
608 2161 780 2243 βοήθειαν.
830 2160 886 2224 καί
909 2159 1029 2250 διεξῄει
1052 2161 1109 2238 τάς
1132 2185 1167 2226 τε

145 2268 316 2351 στρατείας
348 2265 454 2342 πάσας
486 2265 542 2329 καί
574 2268 654 2341 τοὺς
685 2263 817 2348 ἀγῶνας
849 2266 1011 2351 ἅπαντας,
1048 2266 1082 2346 ἐξ
1119 2262 1167 2333 ὧν

144 2372 293 2458 ἀριστεῖα
321 2373 377 2436 καί
407 2371 594 2456 στεφάνους
624 2373 713 2457 παρά
742 2383 810 2436 τῶν
838 2385 1031 2458 στρατηγῶν
1058 2372 1166 2459 ἔλαβε,
1185 2396 1211 2436 ιο

144 2485 290 2544 πολιτῶν
322 2501 357 2544 τε
390 2479 524 2544 ὁπόσων
556 2477 594 2544 ἐν
625 2487 698 2555 ταίς
728 2479 846 2564 μάχαις
877 2479 1083 2567 ὑπερήσπισε
1111 2483 1167 2548 καλ

100 2559 111 2585 ⁸
143 2588 265 2672 τείχεσι
294 2588 461 2668 πολεμίων
491 2585 604 2662 ὁσάκις
631 2597 762 2672 πρῶτος
789 2585 898 2672 ἐπέβη.
944 2593 1107 2656 τελευτῶν
1132 2585 1162 2654 δ’
1185 2589 1206 2652 6

144 2695 192 2771 είς
224 2693 356 2770 οίκτους
386 2691 561 2775 κατέβαινε
592 2693 648 2758 καί
680 2694 823 2778 δεήσεις,
853 2694 929 2760 άντί
958 2705 1016 2779 τῆς
1045 2695 1166 2762 ἑαυτοῦ

144 2803 227 2886 πρὸς
250 2801 398 2877 ἅπαντας
421 2797 595 2878 ἐπιεικείας
617 2802 695 2883 βίου
718 2823 768 2884 τε,
787 2801 824 2878 ὃς
843 2800 1057 2888 ἐμαρτυρεῖτο
1076 2804 1165 2889 αὐτῷ

144 2906 250 2992 πάσης
286 2909 436 2993 καθαρὸς
472 2907 645 2992 διαβολῆς,
682 2909 762 2990 μίαν
799 2908 949 2973 ἀπαιτῶν
985 2911 1074 2996 παρά
1105 2919 1165 2975 τοῦ
1185 2929 1211 2970 ει

145 3014 251 3098 δήμου
275 3013 382 3100 χάριν,
407 3012 603 3099 φυλάξαι
574 3038 633 3080 τον
656 3016 734 3080 υἱὸν
757 3015 854 3101 αὐτῶ.

217 3159 232 3207 9
255 3153 482 3224 ἐπιδεικνύμενος
505 3154 559 3209 del.
579 3155 703 3210 Reudler
725 3155 816 3210 Tiroc
837 3156 897 3210 crit
917 3173 944 3224 p.
962 3161 997 3210 43
1076 3161 1108 3210 13
1133 3157 1166 3210 οὐ

145 3222 234 3308 μόνον
255 3226 364 3295 Kayser
382 3227 453 3281 Ann.
473 3227 543 3294 phil.
560 3231 637 3294 1810,
653 3232 705 3280 123
729 3227 792 3296 λμῆ
812 3229 878 3282 ante
897 3225 971 3296 ἔχειν
990 3227 1055 3281 add.
1070 3227 1145 3280 Bb
1136 3246 1167 3281 111

145 3297 273 3366 margine
354 3303 387 3351 14
410 3298 451 3360 εἰς
473 3295 572 3367 λόγους
596 3297 618 3352 O
646 3298 687 3360 εἰς
709 3247 820 3367 ὀλίγους
841 3315 864 3354 ο
883 3298 1027 3368 Kiessling
1057 3300 1059 3370 λ
1089 3300 1166 3370 περί]

146 3368 215 3436 νπὲρ
234 3366 322 3422 Cobet
342 3367 447 3438 Obsp
449 3373 521 3424 ,187
600 3374 633 3424 18
658 3388 715 3437 παρ
717 3369 737 3424 δι
758 3377 814 3424 τῶν
837 3372 958 3424 πολιτῶν
981 3387 1004 3426 ο
1023 3369 1167 3439 Kiessling

148 3445 180 3492 19
207 3437 337 3506 στρατίας
360 3440 406 3493 Ba
427 3387 579 3508 στρατείας
601 3439 647 3494 Bb
683 3441 686 3506 λ
720 3439 813 3502 πάσας
836 3440 859 3494 O
888 3440 1000 3503 ἁπάσας
1025 3441 1167 3510 Kiessling

148 3515 181 3563 20
199 3511 383 3577 τάριοτεῑαο
402 3510 545 3580 Kiessling
618 3517 652 3566 23
672 3512 735 3566 άντλ
754 3529 808 3566 om
827 3511 1023 3580 OpraeterB
