<?xml version="1.0" encoding="UTF-8"?>
<!DOCTYPE html PUBLIC "-//W3C//DTD XHTML 1.0 Transitional//EN"
    "http://www.w3.org/TR/xhtml1/DTD/xhtml1-transitional.dtd">
<html xmlns="http://www.w3.org/1999/xhtml" xml:lang="en" lang="en">
 <head>
  <title>
</title>
<meta http-equiv="Content-Type" content="text/html;charset=utf-8" />
  <meta name='ocr-system' content='tesseract 3.04.00' />
  <meta name='ocr-capabilities' content='ocr_page ocr_carea ocr_par ocr_line ocrx_word'/>
</head>
<body>
  <div class='ocr_page' id='page_1' title='image "./dionysihalicarn06diongoog_0044.png"; bbox 0 0 2662 3920; ppageno 0'>
   <div class='ocr_carea' id='block_1_1' title="bbox 156 182 739 248">
    <p class='ocr_par' dir='ltr' id='par_1_1' title="bbox 156 182 739 248">
     <span class='ocr_line' id='line_1_1' title="bbox 156 182 739 248; baseline 0 0"><span class='ocrx_word' id='word_1_1' title='bbox 156 182 199 248; x_wconf 79' lang='lat'><em>26</em></span> <span class='ocrx_word' id='word_1_2' title='bbox 585 184 739 234; x_wconf 81' lang='lat'><em>-1-</em></span> 
     </span>
    </p>
   </div>
   <div class='ocr_carea' id='block_1_2' title="bbox 113 307 1265 3176">
    <p class='ocr_par' dir='ltr' id='par_1_2' title="bbox 113 307 1265 3176">
     <span class='ocr_line' id='line_1_2' title="bbox 157 307 1181 392; baseline -0.001 -19"><span class='ocrx_word' id='word_1_3' title='bbox 157 308 221 373; x_wconf 81' lang='grc' dir='ltr'><em>εἰσί</em></span> <span class='ocrx_word' id='word_1_4' title='bbox 249 307 312 392; x_wconf 89' lang='grc' dir='ltr'><em>γάρ</em></span> <span class='ocrx_word' id='word_1_5' title='bbox 340 329 427 384; x_wconf 90' lang='grc' dir='ltr'><em>τινες</em></span> <span class='ocrx_word' id='word_1_6' title='bbox 457 307 541 391; x_wconf 87' lang='grc' dir='ltr'><em>λεραλ</em></span> <span class='ocrx_word' id='word_1_7' title='bbox 568 307 671 372; x_wconf 98' lang='grc' dir='ltr'><em>πύλαι</em></span> <span class='ocrx_word' id='word_1_8' title='bbox 696 316 757 372; x_wconf 89' lang='grc' dir='ltr'><em>τοῦ</em></span> <span class='ocrx_word' id='word_1_9' title='bbox 785 308 999 372; x_wconf 75' lang='grc' dir='ltr'><strong><em>Καπιτωλίου</em></strong></span> <span class='ocrx_word' id='word_1_10' title='bbox 1031 307 1113 372; x_wconf 85' lang='grc' dir='ltr'><em>κατά</em></span> <span class='ocrx_word' id='word_1_11' title='bbox 1145 330 1181 372; x_wconf 87' lang='grc' dir='ltr'><em>τε</em></span> 
     </span>
     <span class='ocr_line' id='line_1_3' title="bbox 156 413 1180 500; baseline -0.001 -20"><span class='ocrx_word' id='word_1_12' title='bbox 156 413 330 499; x_wconf 88' lang='grc' dir='ltr'><em>θέσφατον</em></span> <span class='ocrx_word' id='word_1_13' title='bbox 367 413 550 497; x_wconf 83' lang='grc' dir='ltr'><em>άνειμέναι,</em></span> <span class='ocrx_word' id='word_1_14' title='bbox 590 415 821 500; x_wconf 89' lang='grc' dir='ltr'><em>Καρμεντίδας</em></span> <span class='ocrx_word' id='word_1_15' title='bbox 864 413 965 490; x_wconf 86' lang='grc' dir='ltr'><em>αὐτάς</em></span> <span class='ocrx_word' id='word_1_16' title='bbox 1002 416 1180 479; x_wconf 60' lang='grc' dir='ltr'><em>καλοῦσιν*</em></span> 
     </span>
     <span class='ocr_line' id='line_1_4' title="bbox 157 513 1181 607; baseline 0.001 -21"><span class='ocrx_word' id='word_1_17' title='bbox 157 520 362 604; x_wconf 77' lang='grc' dir='ltr'><em>ἀναβιβάσας</em></span> <span class='ocrx_word' id='word_1_18' title='bbox 390 523 451 605; x_wconf 79' lang='grc' dir='ltr'><em>την</em></span> <span class='ocrx_word' id='word_1_19' title='bbox 481 513 625 603; x_wconf 86' lang='grc' dir='ltr'><em>δύναμιν</em></span> <span class='ocrx_word' id='word_1_20' title='bbox 655 515 721 605; x_wconf 75' lang='grc' dir='ltr'><em>εἶχε</em></span> <span class='ocrx_word' id='word_1_21' title='bbox 751 522 789 586; x_wconf 90' lang='grc' dir='ltr'><em>τὸ</em></span> <span class='ocrx_word' id='word_1_22' title='bbox 819 522 1015 607; x_wconf 90' lang='grc' dir='ltr'><em>φρούριον.Ι</em></span> <span class='ocrx_word' id='word_1_23' title='bbox 1045 519 1181 587; x_wconf 81' lang='grc' dir='ltr'><em>ἐκεῖθεν</em></span> 
     </span>
     <span class='ocr_line' id='line_1_5' title="bbox 157 625 1179 717; baseline 0.002 -25"><span class='ocrx_word' id='word_1_24' title='bbox 157 625 187 692; x_wconf 92' lang='grc' dir='ltr'><em>δ’</em></span> <span class='ocrx_word' id='word_1_25' title='bbox 206 626 344 712; x_wconf 55' lang='lat' dir='ltr'><em>§aim</em></span> <span class='ocrx_word' id='word_1_26' title='bbox 367 628 472 712; x_wconf 87' lang='grc' dir='ltr'><em>άκραν</em></span> <span class='ocrx_word' id='word_1_27' title='bbox 492 625 677 711; x_wconf 70' lang='grc' dir='ltr'><em>ὠσάμενος,</em></span> <span class='ocrx_word' id='word_1_28' title='bbox 695 665 740 675; x_wconf 93' lang='lat'><em>-</em></span> <span class='ocrx_word' id='word_1_29' title='bbox 761 625 831 693; x_wconf 81' lang='grc' dir='ltr'><em>ἐστι</em></span> <span class='ocrx_word' id='word_1_30' title='bbox 853 629 891 694; x_wconf 77' lang='grc' dir='ltr'><em>δὲ</em></span> <span class='ocrx_word' id='word_1_31' title='bbox 913 640 958 715; x_wconf 74' lang='grc' dir='ltr'><em>τῷ</em></span> <span class='ocrx_word' id='word_1_32' title='bbox 977 632 1179 717; x_wconf 73' lang='grc' dir='ltr'><em>Καπιτωλίῳ</em></span> 
     </span>
     <span class='ocr_line' id='line_1_6' title="bbox 117 700 1179 828; baseline 0.001 -28"><span class='ocrx_word' id='word_1_33' title='bbox 117 700 334 828; x_wconf 57' lang='grc' dir='ltr'><em>ξπροσεχης,</em></span> <span class='ocrx_word' id='word_1_34' title='bbox 361 773 405 780; x_wconf 93' lang='grc'>-</span> <span class='ocrx_word' id='word_1_35' title='bbox 432 734 585 819; x_wconf 89' lang='grc' dir='ltr'><em>κάκείνης</em></span> <span class='ocrx_word' id='word_1_36' title='bbox 608 733 755 818; x_wconf 84' lang='grc' dir='ltr'><em>ἐγεγόνει</em></span> <span class='ocrx_word' id='word_1_37' title='bbox 777 735 900 821; x_wconf 89' lang='grc' dir='ltr'><em>κύριος.</em></span> <span class='ocrx_word' id='word_1_38' title='bbox 945 732 989 820; x_wconf 73' lang='grc' dir='ltr'><em>ἦν</em></span> <span class='ocrx_word' id='word_1_39' title='bbox 1012 736 1050 800; x_wconf 81' lang='grc' dir='ltr'><em>δὲ</em></span> <span class='ocrx_word' id='word_1_40' title='bbox 1072 736 1179 802; x_wconf 86' lang='grc' dir='ltr'><em>αὐτοῦ</em></span> 
     </span>
     <span class='ocr_line' id='line_1_7' title="bbox 156 839 1179 928; baseline 0.002 -21"><span class='ocrx_word' id='word_1_41' title='bbox 156 843 270 926; x_wconf 95' lang='grc' dir='ltr'><em>γνώμη</em></span> <span class='ocrx_word' id='word_1_42' title='bbox 303 843 384 924; x_wconf 86' lang='grc' dir='ltr'><em>μετά</em></span> <span class='ocrx_word' id='word_1_43' title='bbox 414 843 452 907; x_wconf 91' lang='grc' dir='ltr'><em>τὸ</em></span> <span class='ocrx_word' id='word_1_44' title='bbox 484 853 644 928; x_wconf 79' lang='grc' dir='ltr'><em>κρατῆσαι</em></span> <span class='ocrx_word' id='word_1_45' title='bbox 675 853 743 907; x_wconf 81' lang='grc' dir='ltr'><em>τῶν</em></span> <span class='ocrx_word' id='word_1_46' title='bbox 774 839 1034 927; x_wconf 79' lang='grc' dir='ltr'><em>ἐπικαιροτάτων</em></span> <span class='ocrx_word' id='word_1_47' title='bbox 1065 845 1179 909; x_wconf 88' lang='grc' dir='ltr'><em>τόπων</em></span> 
     </span>
     <span class='ocr_line' id='line_1_8' title="bbox 156 947 1180 1034; baseline 0.002 -21"><span class='ocrx_word' id='word_1_48' title='bbox 156 949 235 1025; x_wconf 90' lang='grc' dir='ltr'><em>τούς</em></span> <span class='ocrx_word' id='word_1_49' title='bbox 266 971 301 1013; x_wconf 91' lang='grc' dir='ltr'><em>τε</em></span> <span class='ocrx_word' id='word_1_50' title='bbox 334 949 486 1033; x_wconf 89' lang='grc' dir='ltr'><em>φυγάδας</em></span> <span class='ocrx_word' id='word_1_51' title='bbox 517 947 727 1034; x_wconf 75' lang='grc' dir='ltr'><em>εἰσδέχεσθαι</em></span> <span class='ocrx_word' id='word_1_52' title='bbox 758 949 814 1014; x_wconf 84' lang='grc' dir='ltr'><em>καί</em></span> <span class='ocrx_word' id='word_1_53' title='bbox 845 952 923 1026; x_wconf 85' lang='grc' dir='ltr'><em>τοὺς</em></span> <span class='ocrx_word' id='word_1_54' title='bbox 954 949 1099 1028; x_wconf 75' lang='grc' dir='ltr'><em>δούλους</em></span> <span class='ocrx_word' id='word_1_55' title='bbox 1130 951 1180 1027; x_wconf 84' lang='grc' dir='ltr'><em>είς</em></span> 
     </span>
     <span class='ocr_line' id='line_1_9' title="bbox 157 1054 1179 1142; baseline 0.002 -22"><span class='ocrx_word' id='word_1_56' title='bbox 157 1054 355 1140; x_wconf 73' lang='grc' dir='ltr'><em>ἐλευθερίαν</em></span> <span class='ocrx_word' id='word_1_57' title='bbox 372 1062 487 1134; x_wconf 82' lang='grc' dir='ltr'><em>καλεῖν</em></span> <span class='ocrx_word' id='word_1_58' title='bbox 509 1057 565 1122; x_wconf 83' lang='grc' dir='ltr'><em>καί</em></span> <span class='ocrx_word' id='word_1_59' title='bbox 587 1067 695 1141; x_wconf 81' lang='grc' dir='ltr'><em>χρεών</em></span> <span class='ocrx_word' id='word_1_60' title='bbox 713 1058 835 1141; x_wconf 83' lang='grc' dir='ltr'><em>άφεσιν</em></span> <span class='ocrx_word' id='word_1_61' title='bbox 852 1055 1090 1142; x_wconf 78' lang='grc' dir='ltr'><em>ὑπισχνεῖσθαι</em></span> <span class='ocrx_word' id='word_1_62' title='bbox 1107 1067 1179 1134; x_wconf 80' lang='grc' dir='ltr'><em>τοῖς</em></span> 
     </span>
     <span class='ocr_line' id='line_1_10' title="bbox 157 1163 1265 1250; baseline 0.003 -23"><span class='ocrx_word' id='word_1_63' title='bbox 157 1163 294 1246; x_wconf 80' lang='grc' dir='ltr'><em>ἀπόροις</em></span> <span class='ocrx_word' id='word_1_64' title='bbox 312 1163 391 1240; x_wconf 90' lang='grc' dir='ltr'><em>τούς</em></span> <span class='ocrx_word' id='word_1_65' title='bbox 408 1187 443 1228; x_wconf 92' lang='grc' dir='ltr'><em>τε</em></span> <span class='ocrx_word' id='word_1_66' title='bbox 462 1165 584 1241; x_wconf 76' lang='grc' dir='ltr'><em>ἄλλους</em></span> <span class='ocrx_word' id='word_1_67' title='bbox 602 1165 748 1247; x_wconf 81' lang='grc' dir='ltr'><em>πολίτας,</em></span> <span class='ocrx_word' id='word_1_68' title='bbox 772 1164 807 1228; x_wconf 83' lang='grc' dir='ltr'><em>οἳ</em></span> <span class='ocrx_word' id='word_1_69' title='bbox 822 1165 961 1229; x_wconf 84' lang='grc' dir='ltr'><em>ταπεινά</em></span> <span class='ocrx_word' id='word_1_70' title='bbox 978 1164 1179 1250; x_wconf 84' lang='grc' dir='ltr'><em>πράττοντες</em></span> <span class='ocrx_word' id='word_1_71' title='bbox 1188 1181 1265 1230; x_wconf 81' lang='grc'>2022</span> 
     </span>
     <span class='ocr_line' id='line_1_11' title="bbox 113 1264 1177 1356; baseline 0.005 -25"><span class='ocrx_word' id='word_1_72' title='bbox 113 1290 140 1330; x_wconf 74' lang='grc' dir='ltr'><em>ιο</em></span> <span class='ocrx_word' id='word_1_73' title='bbox 157 1270 213 1334; x_wconf 86' lang='grc' dir='ltr'><em>διά</em></span> <span class='ocrx_word' id='word_1_74' title='bbox 236 1265 372 1353; x_wconf 86' lang='grc' dir='ltr'><em>φθόνου</em></span> <span class='ocrx_word' id='word_1_75' title='bbox 395 1272 451 1336; x_wconf 86' lang='grc' dir='ltr'><em>καί</em></span> <span class='ocrx_word' id='word_1_76' title='bbox 473 1273 592 1353; x_wconf 89' lang='grc' dir='ltr'><em>μίσους</em></span> <span class='ocrx_word' id='word_1_77' title='bbox 615 1264 706 1355; x_wconf 84' lang='grc' dir='ltr'><em>είχον</em></span> <span class='ocrx_word' id='word_1_78' title='bbox 728 1271 786 1347; x_wconf 82' lang='grc' dir='ltr'><em>τάς</em></span> <span class='ocrx_word' id='word_1_79' title='bbox 808 1269 973 1356; x_wconf 82' lang='grc' dir='ltr'><em>ὑπεροχάς</em></span> <span class='ocrx_word' id='word_1_80' title='bbox 999 1271 1055 1336; x_wconf 84' lang='grc' dir='ltr'><em>καί</em></span> <span class='ocrx_word' id='word_1_81' title='bbox 1081 1293 1177 1353; x_wconf 90' lang='grc' dir='ltr'><em>μετα-</em></span> 
     </span>
     <span class='ocr_line' id='line_1_12' title="bbox 157 1377 1178 1462; baseline 0.002 -22"><span class='ocrx_word' id='word_1_82' title='bbox 157 1380 258 1460; x_wconf 72' lang='grc' dir='ltr'><em>βολῆς</em></span> <span class='ocrx_word' id='word_1_83' title='bbox 280 1378 417 1460; x_wconf 84' lang='grc' dir='ltr'><em>άσμενοι</em></span> <span class='ocrx_word' id='word_1_84' title='bbox 440 1377 483 1443; x_wconf 81' lang='grc' dir='ltr'><em>δν</em></span> <span class='ocrx_word' id='word_1_85' title='bbox 506 1377 680 1462; x_wconf 81' lang='grc' dir='ltr'><em>ἐλάβοντο,</em></span> <span class='ocrx_word' id='word_1_86' title='bbox 709 1380 894 1454; x_wconf 84' lang='grc' dir='ltr'><em>κοινωνοὺς</em></span> <span class='ocrx_word' id='word_1_87' title='bbox 915 1384 1087 1443; x_wconf 79' lang='grc' dir='ltr'><em>ποιεῖσθαι</em></span> <span class='ocrx_word' id='word_1_88' title='bbox 1109 1389 1178 1443; x_wconf 79' lang='grc' dir='ltr'><em>τῶν</em></span> 
     </span>
     <span class='ocr_line' id='line_1_13' title="bbox 157 1483 1178 1570; baseline 0.002 -22"><span class='ocrx_word' id='word_1_89' title='bbox 157 1484 335 1567; x_wconf 78' lang='grc' dir='ltr'><em>ὠφελειῶν.</em></span> <span class='ocrx_word' id='word_1_90' title='bbox 389 1486 409 1568; x_wconf 80' lang='grc' dir='ltr'><em>η</em></span> <span class='ocrx_word' id='word_1_91' title='bbox 443 1485 480 1550; x_wconf 80' lang='grc' dir='ltr'><em>δέ</em></span> <span class='ocrx_word' id='word_1_92' title='bbox 512 1491 655 1570; x_wconf 79' lang='grc' dir='ltr'><em>θαρρεῖν</em></span> <span class='ocrx_word' id='word_1_93' title='bbox 686 1507 722 1549; x_wconf 91' lang='grc' dir='ltr'><em>τε</em></span> <span class='ocrx_word' id='word_1_94' title='bbox 758 1485 863 1550; x_wconf 83' lang='grc' dir='ltr'><em>αὐτὸν</em></span> <span class='ocrx_word' id='word_1_95' title='bbox 899 1483 1085 1570; x_wconf 78' lang='grc' dir='ltr'><em>ἐπαγομένη</em></span> <span class='ocrx_word' id='word_1_96' title='bbox 1122 1486 1178 1550; x_wconf 79' lang='grc' dir='ltr'><em>καί</em></span> 
     </span>
     <span class='ocr_line' id='line_1_14' title="bbox 157 1589 1178 1677; baseline 0.004 -23"><span class='ocrx_word' id='word_1_97' title='bbox 157 1595 315 1656; x_wconf 82' lang='grc' dir='ltr'><em>πλανώσα</em></span> <span class='ocrx_word' id='word_1_98' title='bbox 346 1589 453 1675; x_wconf 85' lang='grc' dir='ltr'><em>ἐλπίς,</em></span> <span class='ocrx_word' id='word_1_99' title='bbox 486 1592 530 1668; x_wconf 79' lang='grc' dir='ltr'><em>ὡς</em></span> <span class='ocrx_word' id='word_1_100' title='bbox 562 1592 705 1668; x_wconf 86' lang='grc' dir='ltr'><em>οὐθενὸς</em></span> <span class='ocrx_word' id='word_1_101' title='bbox 738 1591 944 1676; x_wconf 82' lang='grc' dir='ltr'><em>ἀτυχησοντα</em></span> <span class='ocrx_word' id='word_1_102' title='bbox 975 1603 1043 1657; x_wconf 79' lang='grc' dir='ltr'><em>τῶν</em></span> <span class='ocrx_word' id='word_1_103' title='bbox 1074 1609 1178 1677; x_wconf 89' lang='grc' dir='ltr'><em>προσ-</em></span> 
     </span>
     <span class='ocr_line' id='line_1_15' title="bbox 157 1695 1178 1785; baseline 0.005 -25"><span class='ocrx_word' id='word_1_104' title='bbox 157 1697 365 1781; x_wconf 87' lang='grc' dir='ltr'><em>δοκωμένων,</em></span> <span class='ocrx_word' id='word_1_105' title='bbox 390 1699 410 1782; x_wconf 78' lang='grc' dir='ltr'><em>η</em></span> <span class='ocrx_word' id='word_1_106' title='bbox 434 1701 585 1784; x_wconf 76' lang='grc' dir='ltr'><em>πολιτικὴ</em></span> <span class='ocrx_word' id='word_1_107' title='bbox 609 1699 723 1776; x_wconf 86' lang='grc' dir='ltr'><em>στάσις</em></span> <span class='ocrx_word' id='word_1_108' title='bbox 744 1695 798 1782; x_wconf 72' lang='grc' dir='ltr'><em>ἦν,</em></span> <span class='ocrx_word' id='word_1_109' title='bbox 827 1697 870 1764; x_wconf 91' lang='grc' dir='ltr'><em>δι’</em></span> <span class='ocrx_word' id='word_1_110' title='bbox 892 1700 935 1783; x_wconf 76' lang='grc' dir='ltr'><em>ἣν</em></span> <span class='ocrx_word' id='word_1_111' title='bbox 959 1700 1036 1764; x_wconf 87' lang='grc' dir='ltr'><em>οὐτε</em></span> <span class='ocrx_word' id='word_1_112' title='bbox 1060 1701 1178 1785; x_wconf 83' lang='grc' dir='ltr'><em>φιλίαν</em></span> 
     </span>
     <span class='ocr_line' id='line_1_16' title="bbox 113 1805 1177 1894; baseline 0.005 -28"><span class='ocrx_word' id='word_1_113' title='bbox 113 1825 138 1864; x_wconf 83' lang='grc' dir='ltr'><em>ιι</em></span> <span class='ocrx_word' id='word_1_114' title='bbox 158 1805 234 1868; x_wconf 84' lang='grc' dir='ltr'><em>οὐτε</em></span> <span class='ocrx_word' id='word_1_115' title='bbox 260 1807 441 1870; x_wconf 85' lang='grc' dir='ltr'><em>κοινωνίαν</em></span> <span class='ocrx_word' id='word_1_116' title='bbox 468 1805 628 1888; x_wconf 77' lang='grc' dir='ltr'><em>οὐδεμίαν</em></span> <span class='ocrx_word' id='word_1_117' title='bbox 655 1805 867 1890; x_wconf 88' lang='grc' dir='ltr'><em>ὑπελάμβανε</em></span> <span class='ocrx_word' id='word_1_118' title='bbox 894 1819 940 1893; x_wconf 75' lang='grc' dir='ltr'><em>τῷ</em></span> <span class='ocrx_word' id='word_1_119' title='bbox 968 1807 1060 1894; x_wconf 81' lang='grc' dir='ltr'><em>δημφ</em></span> <span class='ocrx_word' id='word_1_120' title='bbox 1093 1809 1177 1891; x_wconf 88' lang='grc' dir='ltr'><em>πρὸς</em></span> 
     </span>
     <span class='ocr_line' id='line_1_17' title="bbox 117 1909 1177 1999; baseline 0.005 -24"><span class='ocrx_word' id='word_1_121' title='bbox 117 1912 236 1988; x_wconf 88' lang='grc' dir='ltr'><em>4τούς</em></span> <span class='ocrx_word' id='word_1_122' title='bbox 263 1913 456 1996; x_wconf 86' lang='grc' dir='ltr'><em>πατρικίους</em></span> <span class='ocrx_word' id='word_1_123' title='bbox 483 1909 532 1977; x_wconf 86' lang='grc' dir='ltr'><em>έτι</em></span> <span class='ocrx_word' id='word_1_124' title='bbox 558 1916 769 1996; x_wconf 80' lang='grc' dir='ltr'><em>γενησεσθαι.</em></span> <span class='ocrx_word' id='word_1_125' title='bbox 819 1912 879 1979; x_wconf 82' lang='grc' dir='ltr'><em>ἐάν</em></span> <span class='ocrx_word' id='word_1_126' title='bbox 906 1914 944 1978; x_wconf 79' lang='grc' dir='ltr'><em>δὲ</em></span> <span class='ocrx_word' id='word_1_127' title='bbox 971 1915 1036 1999; x_wconf 87' lang='grc' dir='ltr'><em>άρα</em></span> <span class='ocrx_word' id='word_1_128' title='bbox 1067 1915 1177 1998; x_wconf 84' lang='grc' dir='ltr'><em>μηθέν</em></span> 
     </span>
     <span class='ocr_line' id='line_1_18' title="bbox 157 2018 1177 2105; baseline 0.004 -21"><span class='ocrx_word' id='word_1_129' title='bbox 157 2018 245 2104; x_wconf 76' lang='grc' dir='ltr'><em>αὐτῷ</em></span> <span class='ocrx_word' id='word_1_130' title='bbox 273 2019 402 2084; x_wconf 90' lang='grc' dir='ltr'><em>τούτων</em></span> <span class='ocrx_word' id='word_1_131' title='bbox 433 2021 515 2100; x_wconf 79' lang='grc' dir='ltr'><em>κατὰ</em></span> <span class='ocrx_word' id='word_1_132' title='bbox 547 2029 632 2085; x_wconf 85' lang='grc' dir='ltr'><em>νοῦν</em></span> <span class='ocrx_word' id='word_1_133' title='bbox 661 2029 766 2105; x_wconf 75' lang='grc' dir='ltr'><em>χωρῇ,</em></span> <span class='ocrx_word' id='word_1_134' title='bbox 799 2029 979 2104; x_wconf 85' lang='grc' dir='ltr'><em>τηνικαῦτα</em></span> <span class='ocrx_word' id='word_1_135' title='bbox 1006 2024 1177 2104; x_wconf 83' lang='grc' dir='ltr'><em>Σαβίνους</em></span> 
     </span>
     <span class='ocr_line' id='line_1_19' title="bbox 156 2125 1177 2214; baseline 0.005 -25"><span class='ocrx_word' id='word_1_136' title='bbox 156 2149 190 2190; x_wconf 88' lang='grc' dir='ltr'><em>τε</em></span> <span class='ocrx_word' id='word_1_137' title='bbox 218 2133 424 2214; x_wconf 79' lang='grc' dir='ltr'><em>πανστρατιᾷ</em></span> <span class='ocrx_word' id='word_1_138' title='bbox 450 2132 564 2192; x_wconf 85' lang='grc' dir='ltr'><em>καλεῖν</em></span> <span class='ocrx_word' id='word_1_139' title='bbox 591 2125 745 2192; x_wconf 83' lang='grc' dir='ltr'><em>ἐδέδοκτο</em></span> <span class='ocrx_word' id='word_1_140' title='bbox 775 2127 830 2192; x_wconf 86' lang='grc' dir='ltr'><em>καλ</em></span> <span class='ocrx_word' id='word_1_141' title='bbox 860 2127 1095 2206; x_wconf 83' lang='grc' dir='ltr'><em>Οὐολούσκους</em></span> <span class='ocrx_word' id='word_1_142' title='bbox 1121 2129 1177 2194; x_wconf 80' lang='grc' dir='ltr'><em>καί</em></span> 
     </span>
     <span class='ocr_line' id='line_1_20' title="bbox 155 2225 1177 2324; baseline 0.003 -27"><span class='ocrx_word' id='word_1_143' title='bbox 155 2244 223 2298; x_wconf 81' lang='grc' dir='ltr'><em>τῶν</em></span> <span class='ocrx_word' id='word_1_144' title='bbox 246 2234 357 2299; x_wconf 77' lang='grc' dir='ltr'><em>ἄλλων</em></span> <span class='ocrx_word' id='word_1_145' title='bbox 380 2235 619 2320; x_wconf 83' lang='grc' dir='ltr'><em>πλησιοχώρων</em></span> <span class='ocrx_word' id='word_1_146' title='bbox 642 2235 733 2310; x_wconf 83' lang='grc' dir='ltr'><em>ὅσοις</em></span> <span class='ocrx_word' id='word_1_147' title='bbox 760 2233 803 2299; x_wconf 84' lang='grc' dir='ltr'><em>άν</em></span> <span class='ocrx_word' id='word_1_148' title='bbox 829 2225 852 2324; x_wconf 77' lang='grc' dir='ltr'><em>ᾗ</em></span> <span class='ocrx_word' id='word_1_149' title='bbox 876 2235 1093 2317; x_wconf 81' lang='grc' dir='ltr'><em>βουλομένοις</em></span> <span class='ocrx_word' id='word_1_150' title='bbox 1116 2235 1177 2301; x_wconf 87' lang='grc' dir='ltr'><em>άπ-</em></span> 
     </span>
     <span class='ocr_line' id='line_1_21' title="bbox 113 2340 933 2426; baseline 0.002 -22"><span class='ocrx_word' id='word_1_151' title='bbox 113 2364 144 2404; x_wconf 82' lang='grc' dir='ltr'><em>ιο</em></span> <span class='ocrx_word' id='word_1_152' title='bbox 157 2340 321 2424; x_wconf 89' lang='grc' dir='ltr'><em>ηλλάχθαι</em></span> <span class='ocrx_word' id='word_1_153' title='bbox 343 2351 401 2425; x_wconf 76' lang='grc' dir='ltr'><em>τῆς</em></span> <span class='ocrx_word' id='word_1_154' title='bbox 419 2340 585 2424; x_wconf 90' lang='grc' dir='ltr'><em>Ῥωμαίων</em></span> <span class='ocrx_word' id='word_1_155' title='bbox 609 2340 800 2426; x_wconf 88' lang='grc' dir='ltr'><em>ἐπιφθόνου</em></span> <span class='ocrx_word' id='word_1_156' title='bbox 823 2341 933 2426; x_wconf 80' lang='grc' dir='ltr'><em>ἀρχῆς.</em></span> 
     </span>
     <span class='ocr_line' id='line_1_22' title="bbox 142 2443 1177 2534; baseline 0.005 -24"><span class='ocrx_word' id='word_1_157' title='bbox 142 2497 144 2503; x_wconf 93' lang='grc'>.</span> <span class='ocrx_word' id='word_1_158' title='bbox 227 2445 297 2511; x_wconf 89' lang='lat' dir='ltr'><em>XV.</em></span> <span class='ocrx_word' id='word_1_159' title='bbox 317 2447 452 2530; x_wconf 78' lang='grc' dir='ltr'><em>Συνέβη</em></span> <span class='ocrx_word' id='word_1_160' title='bbox 472 2448 509 2512; x_wconf 77' lang='grc' dir='ltr'><em>δὲ</em></span> <span class='ocrx_word' id='word_1_161' title='bbox 530 2448 618 2534; x_wconf 76' lang='grc' dir='ltr'><em>αὐτῷ</em></span> <span class='ocrx_word' id='word_1_162' title='bbox 642 2449 777 2516; x_wconf 89' lang='grc' dir='ltr'><em>πάντων</em></span> <span class='ocrx_word' id='word_1_163' title='bbox 800 2449 993 2534; x_wconf 82' lang='grc' dir='ltr'><em>διαμαρτεῖν</em></span> <span class='ocrx_word' id='word_1_164' title='bbox 1016 2443 1065 2514; x_wconf 84' lang='grc' dir='ltr'><em>ὧν</em></span> <span class='ocrx_word' id='word_1_165' title='bbox 1081 2452 1177 2534; x_wconf 72' lang='grc' dir='ltr'><em>ἤλπι-</em></span> 
     </span>
     <span class='ocr_line' id='line_1_23' title="bbox 158 2553 1176 2640; baseline 0.006 -24"><span class='ocrx_word' id='word_1_166' title='bbox 158 2568 216 2617; x_wconf 87' lang='grc' dir='ltr'><em>σεν</em></span> <span class='ocrx_word' id='word_1_167' title='bbox 248 2553 340 2618; x_wconf 87' lang='grc' dir='ltr'><em>οὐτε</em></span> <span class='ocrx_word' id='word_1_168' title='bbox 357 2554 489 2619; x_wconf 87' lang='grc' dir='ltr'><em>δούλων</em></span> <span class='ocrx_word' id='word_1_169' title='bbox 521 2555 821 2640; x_wconf 84' lang='grc' dir='ltr'><em>αὐτομολησάντων</em></span> <span class='ocrx_word' id='word_1_170' title='bbox 852 2557 936 2640; x_wconf 89' lang='grc' dir='ltr'><em>πρὸς</em></span> <span class='ocrx_word' id='word_1_171' title='bbox 966 2557 1069 2622; x_wconf 84' lang='grc' dir='ltr'><em>αὐτὸν</em></span> <span class='ocrx_word' id='word_1_172' title='bbox 1099 2558 1176 2622; x_wconf 87' lang='grc' dir='ltr'><em>οὐτε</em></span> 
     </span>
     <span class='ocr_line' id='line_1_24' title="bbox 157 2657 1175 2749; baseline 0.006 -26"><span class='ocrx_word' id='word_1_173' title='bbox 157 2657 319 2743; x_wconf 90' lang='grc' dir='ltr'><em>φυγάδων</em></span> <span class='ocrx_word' id='word_1_174' title='bbox 341 2663 575 2726; x_wconf 88' lang='grc' dir='ltr'><em>κατελθόντων</em></span> <span class='ocrx_word' id='word_1_175' title='bbox 599 2662 675 2727; x_wconf 87' lang='grc' dir='ltr'><em>οὐτε</em></span> <span class='ocrx_word' id='word_1_176' title='bbox 701 2662 827 2744; x_wconf 88' lang='grc' dir='ltr'><em>ιἰτίμων</em></span> <span class='ocrx_word' id='word_1_177' title='bbox 849 2662 905 2727; x_wconf 85' lang='grc' dir='ltr'><em>καί</em></span> <span class='ocrx_word' id='word_1_178' title='bbox 926 2663 1116 2749; x_wconf 85' lang='grc' dir='ltr'><em>καταχρίων</em></span> <span class='ocrx_word' id='word_1_179' title='bbox 1138 2666 1175 2730; x_wconf 87' lang='grc' dir='ltr'><em>τὸ</em></span> 
     </span>
     <span class='ocr_line' id='line_1_25' title="bbox 158 2766 1176 2854; baseline 0.005 -24"><span class='ocrx_word' id='word_1_180' title='bbox 158 2766 246 2831; x_wconf 84' lang='grc' dir='ltr'><em>ἴδιον</em></span> <span class='ocrx_word' id='word_1_181' title='bbox 277 2766 395 2852; x_wconf 91' lang='grc' dir='ltr'><em>κέρδος</em></span> <span class='ocrx_word' id='word_1_182' title='bbox 431 2767 506 2833; x_wconf 86' lang='grc' dir='ltr'><em>άντλ</em></span> <span class='ocrx_word' id='word_1_183' title='bbox 541 2777 604 2834; x_wconf 81' lang='grc' dir='ltr'><em>τοῦ</em></span> <span class='ocrx_word' id='word_1_184' title='bbox 638 2777 734 2854; x_wconf 77' lang='grc' dir='ltr'><em>κοινῇ</em></span> <span class='ocrx_word' id='word_1_185' title='bbox 772 2769 1002 2854; x_wconf 85' lang='grc' dir='ltr'><em>συμφέροντος</em></span> <span class='ocrx_word' id='word_1_186' title='bbox 1038 2769 1176 2848; x_wconf 84' lang='grc' dir='ltr'><em>άλλαξα-</em></span> 
     </span>
     <span class='ocr_line' id='line_1_26' title="bbox 113 2872 1176 2963; baseline 0.005 -26"><span class='ocrx_word' id='word_1_187' title='bbox 113 2873 276 2958; x_wconf 82' lang='grc' dir='ltr'><em>ιεμένων,</em></span> <span class='ocrx_word' id='word_1_188' title='bbox 299 2884 356 2958; x_wconf 81' lang='grc' dir='ltr'><em>της</em></span> <span class='ocrx_word' id='word_1_189' title='bbox 379 2897 414 2939; x_wconf 92' lang='grc' dir='ltr'><em>τε</em></span> <span class='ocrx_word' id='word_1_190' title='bbox 437 2872 563 2952; x_wconf 76' lang='grc' dir='ltr'><em>ἔξωθεν</em></span> <span class='ocrx_word' id='word_1_191' title='bbox 583 2874 775 2962; x_wconf 87' lang='grc' dir='ltr'><em>ἐπικουρίας</em></span> <span class='ocrx_word' id='word_1_192' title='bbox 798 2877 839 2942; x_wconf 93' lang='grc' dir='ltr'><em>οὐ</em></span> <span class='ocrx_word' id='word_1_193' title='bbox 863 2878 1030 2961; x_wconf 85' lang='grc' dir='ltr'><em>λαβούσης</em></span> <span class='ocrx_word' id='word_1_194' title='bbox 1052 2879 1176 2963; x_wconf 90' lang='grc' dir='ltr'><em>χρόνον</em></span> 
     </span>
     <span class='ocr_line' id='line_1_27' title="bbox 159 2982 1252 3070; baseline 0.003 -25"><span class='ocrx_word' id='word_1_195' title='bbox 159 2982 274 3047; x_wconf 77' lang='grc' dir='ltr'><em>ἱκανὸν</em></span> <span class='ocrx_word' id='word_1_196' title='bbox 306 2984 353 3058; x_wconf 83' lang='grc' dir='ltr'><em>είς</em></span> <span class='ocrx_word' id='word_1_197' title='bbox 389 2985 602 3068; x_wconf 75' lang='grc' dir='ltr'><em>παρασκευὴν</em></span> <span class='ocrx_word' id='word_1_198' title='bbox 637 2991 697 3048; x_wconf 89' lang='grc' dir='ltr'><em>τοῦ</em></span> <span class='ocrx_word' id='word_1_199' title='bbox 734 2983 894 3066; x_wconf 85' lang='grc' dir='ltr'><em>πολέμου·</em></span> <span class='ocrx_word' id='word_1_200' title='bbox 930 2985 1019 3067; x_wconf 84' lang='grc' dir='ltr'><em>τρισί</em></span> <span class='ocrx_word' id='word_1_201' title='bbox 1054 2986 1118 3069; x_wconf 88' lang='grc' dir='ltr'><em>γάρ</em></span> <span class='ocrx_word' id='word_1_202' title='bbox 1154 2985 1252 3070; x_wconf 60' lang='grc'><em>112023</em></span> 
     </span>
     <span class='ocr_line' id='line_1_28' title="bbox 156 3088 1175 3176; baseline 0.003 -24"><span class='ocrx_word' id='word_1_203' title='bbox 156 3088 307 3175; x_wconf 84' lang='grc' dir='ltr'><em>τέτταρσι</em></span> <span class='ocrx_word' id='word_1_204' title='bbox 329 3099 401 3166; x_wconf 83' lang='grc' dir='ltr'><em>ταῖς</em></span> <span class='ocrx_word' id='word_1_205' title='bbox 423 3090 567 3176; x_wconf 84' lang='grc' dir='ltr'><em>πρώταις</em></span> <span class='ocrx_word' id='word_1_206' title='bbox 588 3091 724 3174; x_wconf 76' lang='grc' dir='ltr'><em>ἡμέραις</em></span> <span class='ocrx_word' id='word_1_207' title='bbox 746 3089 840 3167; x_wconf 88' lang='grc' dir='ltr'><em>τέλος</em></span> <span class='ocrx_word' id='word_1_208' title='bbox 862 3092 992 3175; x_wconf 80' lang='grc' dir='ltr'><em>εἰλήφει</em></span> <span class='ocrx_word' id='word_1_209' title='bbox 1014 3093 1054 3156; x_wconf 84' lang='grc' dir='ltr'><em>τά</em></span> <span class='ocrx_word' id='word_1_210' title='bbox 1072 3091 1175 3176; x_wconf 89' lang='grc' dir='ltr'><em>πράγ-</em></span> 
     </span>
    </p>
   </div>
   <div class='ocr_carea' id='block_1_3' title="bbox 156 3209 1174 3425">
    <p class='ocr_par' dir='ltr' id='par_1_3' title="bbox 156 3209 1174 3425">
     <span class='ocr_line' id='line_1_29' title="bbox 229 3209 1173 3282; baseline 0.002 -18"><span class='ocrx_word' id='word_1_211' title='bbox 229 3217 244 3264; x_wconf 92' lang='grc'>2</span> <span class='ocrx_word' id='word_1_212' title='bbox 268 3209 453 3280; x_wconf 88' lang='grc' dir='ltr'><em>καρμεντίνας</em></span> <span class='ocrx_word' id='word_1_213' title='bbox 477 3211 498 3266; x_wconf 90' lang='lat'>0</span> <span class='ocrx_word' id='word_1_214' title='bbox 526 3229 594 3268; x_wconf 82' lang='lat' dir='ltr'>corr</span> <span class='ocrx_word' id='word_1_215' title='bbox 619 3213 762 3282; x_wconf 80' lang='lat' dir='ltr'>Kiessling</span> <span class='ocrx_word' id='word_1_216' title='bbox 789 3212 824 3269; x_wconf 75' lang='lat' dir='ltr'><em>ef</em></span> <span class='ocrx_word' id='word_1_217' title='bbox 848 3212 924 3279; x_wconf 84' lang='grc'><em>132</em></span> <span class='ocrx_word' id='word_1_218' title='bbox 944 3218 973 3275; x_wconf 83' lang='grc'><em>2;</em></span> <span class='ocrx_word' id='word_1_219' title='bbox 999 3213 1074 3267; x_wconf 81' lang='grc' dir='ltr'><em>ΡΙιιλ.</em></span> <span class='ocrx_word' id='word_1_220' title='bbox 1098 3212 1173 3267; x_wconf 78' lang='lat' dir='ltr'><em>Cam</em></span> 
     </span>
     <span class='ocr_line' id='line_1_30' title="bbox 156 3278 1174 3355; baseline 0.004 -23"><span class='ocrx_word' id='word_1_221' title='bbox 156 3280 195 3332; x_wconf 91' lang='lat' dir='ltr'><em>XI</em></span> <span class='ocrx_word' id='word_1_222' title='bbox 218 3288 261 3348; x_wconf 79' lang='lat'><em>25</em></span> <span class='ocrx_word' id='word_1_223' title='bbox 282 3289 297 3334; x_wconf 89' lang='grc'>2</span> <span class='ocrx_word' id='word_1_224' title='bbox 381 3289 396 3336; x_wconf 82' lang='lat'><strong>3</strong></span> <span class='ocrx_word' id='word_1_225' title='bbox 424 3278 480 3352; x_wconf 81' lang='grc' dir='ltr'><em>εἶχε</em></span> <span class='ocrx_word' id='word_1_226' title='bbox 507 3282 529 3337; x_wconf 95' lang='grc' dir='ltr'>Ο</span> <span class='ocrx_word' id='word_1_227' title='bbox 558 3281 611 3337; x_wconf 80' lang='grc' dir='ltr'><em>εἷλε</em></span> <span class='ocrx_word' id='word_1_228' title='bbox 639 3284 782 3352; x_wconf 78' lang='lat' dir='ltr'>Kiessling</span> <span class='ocrx_word' id='word_1_229' title='bbox 865 3289 896 3336; x_wconf 92' lang='lat'><em>11</em></span> <span class='ocrx_word' id='word_1_230' title='bbox 926 3283 1095 3355; x_wconf 84' lang='grc' dir='ltr'><em>άνελάβοντο</em></span> <span class='ocrx_word' id='word_1_231' title='bbox 1123 3285 1174 3336; x_wconf 85' lang='lat' dir='ltr'><em>AB</em></span> 
     </span>
     <span class='ocr_line' id='line_1_31' title="bbox 159 3303 1174 3425; baseline 0.003 -20"><span class='ocrx_word' id='word_1_232' title='bbox 159 3359 191 3405; x_wconf 88' lang='grc'><em>12</em></span> <span class='ocrx_word' id='word_1_233' title='bbox 212 3325 379 3425; x_wconf 85' lang='grc' dir='ltr'><em>ἐπάγομένη]</em></span> <span class='ocrx_word' id='word_1_234' title='bbox 399 3303 561 3424; x_wconf 74' lang='grc' dir='ltr'><em>ὑπαγομένη</em></span> <span class='ocrx_word' id='word_1_235' title='bbox 585 3372 607 3409; x_wconf 87' lang='grc' dir='ltr'><em>ο.</em></span> <span class='ocrx_word' id='word_1_236' title='bbox 628 3355 716 3409; x_wconf 71' lang='lat' dir='ltr'>Cobet</span> <span class='ocrx_word' id='word_1_237' title='bbox 734 3354 838 3423; x_wconf 82' lang='lat' dir='ltr'>0bs.p</span> <span class='ocrx_word' id='word_1_238' title='bbox 841 3359 914 3409; x_wconf 87' lang='grc'>,190</span> <span class='ocrx_word' id='word_1_239' title='bbox 988 3362 1021 3408; x_wconf 83' lang='grc'><em>15</em></span> <span class='ocrx_word' id='word_1_240' title='bbox 1041 3353 1174 3424; x_wconf 83' lang='grc' dir='ltr'><em>οὐδεμίαν</em></span> 
     </span>
    </p>
   </div>
   <div class='ocr_carea' id='block_1_4' title="bbox 158 3372 1175 3563">
    <p class='ocr_par' dir='ltr' id='par_1_4' title="bbox 158 3372 1175 3556">
     <span class='ocr_line' id='line_1_32' title="bbox 159 3372 1175 3498; baseline 0.003 -22"><span class='ocrx_word' id='word_1_241' title='bbox 159 3424 249 3477; x_wconf 89' lang='lat' dir='ltr'><em>omB</em></span> <span class='ocrx_word' id='word_1_242' title='bbox 313 3429 346 3478; x_wconf 82' lang='grc'><em>23</em></span> <span class='ocrx_word' id='word_1_243' title='bbox 367 3424 437 3498; x_wconf 88' lang='grc' dir='ltr'><em>&lt;καλ</em></span> <span class='ocrx_word' id='word_1_244' title='bbox 456 3423 632 3497; x_wconf 82' lang='grc' dir='ltr'><em>κ&gt;αταχ&lt;ρέ</em></span> <span class='ocrx_word' id='word_1_245' title='bbox 635 3426 699 3498; x_wconf 88' lang='grc' dir='ltr'><em>&gt;ων</em></span> <span class='ocrx_word' id='word_1_246' title='bbox 718 3425 767 3478; x_wconf 90' lang='lat' dir='ltr'><em>Bb</em></span> <span class='ocrx_word' id='word_1_247' title='bbox 818 3372 860 3480; x_wconf 75' lang='grc' dir='ltr'><em>Ρ21</em></span> <span class='ocrx_word' id='word_1_248' title='bbox 880 3433 942 3486; x_wconf 83' lang='grc' dir='ltr'><em>ταῖς</em></span> <span class='ocrx_word' id='word_1_249' title='bbox 960 3427 1094 3497; x_wconf 84' lang='grc' dir='ltr'><em>πρώταις]</em></span> <span class='ocrx_word' id='word_1_250' title='bbox 1114 3435 1175 3488; x_wconf 84' lang='grc' dir='ltr'><em>ταῖς</em></span> 
     </span>
     <span class='ocr_line' id='line_1_33' title="bbox 158 3493 795 3563; baseline 0.011 -18"><span class='ocrx_word' id='word_1_251' title='bbox 158 3493 262 3556; x_wconf 86' lang='grc' dir='ltr'><em>πάσαις</em></span> <span class='ocrx_word' id='word_1_252' title='bbox 279 3495 375 3551; x_wconf 67' lang='lat' dir='ltr'><strong>Nabar</strong></span> <span class='ocrx_word' id='word_1_253' title='bbox 392 3497 495 3552; x_wconf 78' lang='lat' dir='ltr'><strong>Mnem.</strong></span> <span class='ocrx_word' id='word_1_254' title='bbox 511 3502 553 3563; x_wconf 89' lang='grc'><em>30</em></span> <span class='ocrx_word' id='word_1_255' title='bbox 569 3502 620 3550; x_wconf 72' lang='grc'><em>252</em></span> <span class='ocrx_word' id='word_1_256' title='bbox 792 3519 795 3526; x_wconf 51' lang='lat'>¹</span> 
     </span>
    </p>
   </div>
   <div class='ocr_carea' id='block_1_5' title="bbox 0 0 1336 3920">
    <p class='ocr_par' dir='ltr' id='par_1_5' title="bbox 0 0 1336 3920">
     <span class='ocr_line' id='line_1_34' title="bbox 0 0 1336 3920; baseline 0 1"><span class='ocrx_word' id='word_1_257' title='bbox 0 0 1336 3920; x_wconf 95' lang='lat' dir='ltr'><em> </em></span> 
     </span>
    </p>
   </div>
  </div>
 </body>
</html>
