2656 3932
160 211 223 277 166
577 238 610 248 ··
648 209 688 262 iA
726 237 759 247 -

157 335 212 402 καλ
240 344 301 401 τοῦ
329 337 508 418 τιμήματος
534 335 590 400 καί
616 343 677 399 τοῦ
704 333 809 418 μηδὲν
835 331 921 415 ὑμᾶς
951 330 1182 418 ἐλαττωθῆναι

157 444 234 528 περὶ
258 445 320 527 τὴν
343 442 451 526 δίκην,
473 437 605 529 πολλὴν
624 445 803 527 πονήσομαι
825 442 1000 525 πρόνοιαν,
1023 436 1049 506 ὦ
1072 445 1182 523 Νομι-
1307 463 1308 476 ’

118 550 264 635 3τάριε.
309 557 375 615 νῦν
402 549 440 614 δὲ
467 547 616 633 παράόος
642 550 704 634 την
730 549 842 633 κόρην.
894 553 1000 613 Τοῦτο
1025 549 1063 612 τὸ
1087 546 1182 624 τέλος

158 654 389 740 ἐξενέγκαντος
421 652 562 721 Ἀππίου
598 658 703 733 πολὺς
739 655 801 738 μέν
837 651 986 740 ὀδυρμὸς
1019 653 1086 719 ὑπὸ
1122 663 1181 738 τῆς

128 762 332 848 επαρθένου
360 762 417 828 καλ
443 773 511 830 τῶν
538 763 615 848 περί
642 763 748 847 αὐτην
774 772 944 846 γυναικῶν
969 759 1098 845 ἐγένετο
1125 760 1264 826 καλκεεε

158 871 310 953 κοπετός,
342 870 448 954 πολλη
481 869 520 934 δὲ
550 871 679 955 κραυγὴ
711 869 766 934 καί
798 868 1020 953 ἀγανάκτησις
1052 865 1089 933 ἐκ
1119 876 1181 933 τοῦ

158 978 410 1062 περιεστηκότος
436 977 538 1061 ὄχλου
565 977 603 1042 τὸ
631 979 727 1060 βῆμα.
773 975 792 1040 ὁ
820 975 858 1041 δὲ
884 974 1015 1058 μέλλον
1038 975 1182 1060 ἄγεσθαι

158 1084 220 1168 τὴν
241 1084 346 1169 κόρην
366 1080 497 1160 Ἰκίλιος
519 1081 683 1168 ἐμφύεταί
703 1105 738 1148 τε
762 1082 863 1167 αὐτῆς
885 1084 944 1147 καί
964 1098 1083 1168 φησιν·
1110 1082 1182 1147 Οὐκ
1309 1065 1310 1094 ³

118 1193 140 1255 4
158 1189 239 1272 ἐμοῦ
262 1213 300 1274 γε
324 1193 459 1274 ζῶντος,
474 1187 609 1272 ’Ἀππιε,
634 1191 759 1274 ταύτην
781 1187 940 1267 ἀπάξεταί
960 1211 1018 1266 τις.
1061 1186 1133 1254 ἀλλ’
1151 1188 1184 1254 εί
1310 1259 1311 1268 ,

115 1320 140 1359 ιο
158 1313 212 1363 σοι
244 1297 398 1364 δέδοκται
429 1299 508 1374 τοὺς
541 1299 664 1379 νόμους
695 1297 883 1379 καταλύειν,
920 1298 960 1362 τὰ
997 1296 1035 1362 δὲ
1068 1297 1182 1361 δίκαια
1310 1277 1311 1292 ¹

158 1413 295 1488 συγχεῖν
313 1404 369 1470 καλ
392 1405 454 1488 την
472 1401 670 1488 ἐλευθερίαν
692 1405 786 1488 ἡμῶν
809 1403 1044 1488 ἀφαιρεῖσθαι,
1066 1402 1182 1488 μηκέτι
1311 1441 1312 1470 ι

158 1512 220 1596 την
249 1510 497 1595 όνειόιζομένην
523 1509 605 1594 ὑμῖν
636 1511 742 1594 ἀρνοῦ
773 1509 974 1594 τυραννίδα,
1008 1509 1093 1575 ἀλλὰ
1120 1511 1181 1575 τὸν
1311 1501 1312 1520 ἦ

159 1616 239 1700 ἐμὸν
267 1615 439 1696 ἀποκόψας
465 1617 631 1703 τράχηλον
657 1618 782 1702 ταύτην
809 1639 844 1682 τε
870 1615 1067 1700 ἀπαγαγεῖν,
1094 1616 1180 1682 ὅπου

159 1740 213 1788 σοι
244 1724 352 1806 δοκεῖ,
388 1723 444 1788 καί
475 1725 533 1800 τὰς
565 1725 666 1802 άλλας
697 1723 891 1810 παρθένους
922 1723 978 1788 καί
1009 1733 1181 1807 γυναῖκας,
1312 1801 1313 1816 ρ

115 1851 141 1892 ιι
160 1832 216 1896 ἵνα
243 1831 285 1914 oi
313 1829 468 1912 μάθωσιν
494 1831 558 1916 ἤδη
586 1831 666 1897 ποτέ
685 1827 836 1914 Ῥωμαῖοι
863 1831 981 1911 δοῦλοι
1006 1832 1182 1913 γεγονότες

159 1934 233 2003 ἀντ’
259 1935 460 2023 ἐλευθέρων,
494 1938 550 2003 καί
581 1937 686 2022 μηόέν
718 1935 766 2003 ἐτι
797 1939 908 2019 μεῖζον
940 1945 1093 2022 φρονῶσι
1124 1945 1182 2020 της
1313 2015 1314 2024 ¹

119 2045 267 2130 ὗτόλης.
304 2046 339 2110 τί
355 2039 418 2110 οὖν
437 2041 485 2110 ἐτι
507 2044 646 2128 μέλλεις,
670 2041 742 2111 ἀλλ’
761 2041 801 2109 οὐ
825 2043 951 2125 τούμὸν
974 2041 1079 2127 ἐκχεῖς
1102 2035 1183 2126 αἷμα

159 2154 224 2236 πρὸ
254 2161 314 2218 τοῦ
344 2155 490 2237 βήματος
519 2150 557 2220 ἐν
586 2161 656 2228 τοῖς
685 2151 841 2217 ἁπάντων
871 2150 1074 2234 ὀφθαλμοῖς;
1107 2150 1182 2216 ίσθι

158 2259 272 2342 μέντοι
296 2271 427 2344 σαφῶς,
456 2260 559 2338 <ότι>
582 2261 657 2343 ἤτοι
683 2258 835 2342 μεγάλων
857 2267 969 2322 κακῶν
996 2255 1088 2342 ἀρξει
1107 2255 1262 2324 ‘Pto-2239

115 2385 141 2427 εο
158 2368 268 2449 μαίοις
291 2365 309 2431 ὁ
332 2367 481 2444 θάνατος
504 2366 606 2450 οὑμός
628 2365 649 2449 ἢ
672 2364 825 2448 μεγάλων
848 2360 997 2448 ἀγαθῶν.

230 2471 364 2538 ΧΧΧΠ.
386 2472 459 2538 Ἔτι
489 2473 520 2538 δ’
545 2473 648 2538 αὐτοῦ
678 2471 887 2554 βουλομένου
918 2469 1028 2554 λέγειν
1058 2472 1091 2536 οἱ
1119 2471 1182 2555 μέν

160 2579 342 2664 ῥαβδοῦχοι
374 2579 612 2656 κελευσθέντες
642 2579 709 2644 ὑπὸ
741 2588 799 2663 της
835 2576 986 2656 ἐξουσίας
1023 2575 1182 2663 ἀνεῖργον

159 2686 282 2762 αὐτοὺς
312 2686 377 2750 άπὸ
407 2695 468 2752 τοῦ
498 2689 642 2770 βήματος
671 2685 727 2750 καλ
754 2691 951 2770 πενθαρχεῖν
978 2695 1047 2763 τοῖς
1074 2707 1181 2770 κεκρι-

230 2904 247 2952 4
279 2893 335 2952 ὑπὸ
360 2896 409 2950 LV
435 2896 506 2964 ὑπὲρ
530 2897 560 2950 Μ
640 2902 655 2950 9
684 2893 815 2962 ἀπίξεται
839 2896 861 2949 L
942 2902 973 2950 11
1003 2893 1129 2966 συγχέειν
1158 2895 1181 2950 0

159 2976 193 3023 12
212 2969 301 3037 ἀρνοῶ
320 2969 418 3040 οιο.,Μ
439 2969 442 3040 Ι
463 2965 513 3024 τὸν
532 2965 598 3038 ἐμὸν
617 2965 710 3022 κέλευε
729 2964 878 3038 ἀποκόψαι
897 2983 919 3021 ο.
934 2966 1069 3038 Sylburg3
1084 2969 1182 3022 forsan

159 3041 316 3110 ἀπαγαγεῖν
334 3056 385 3109 per
403 3038 557 3110 ἐναλλαγὴν
573 3056 624 3109 pro
639 3039 742 3109 ἄπαγε,
760 3039 835 3108 quod
849 3037 967 3092 Jonibus
982 3040 1025 3093 est
1038 3038 1181 3093 familiare

158 3112 272 3178 Ροτιοες
291 3109 382 3181 ἄπαγε
401 3109 467 3166 ὅποι
482 3127 526 3165 σοι
539 3113 620 3166 δοκεῖ
632 3109 720 3166 Cobet
734 3110 799 3165 Obs.
814 3128 842 3180 p.
853 3114 913 3165 209.
942 3109 1002 3180 Ego
1017 3127 1082 3164 cum
1095 3109 1180 3165 Porto

159 3199 258 3238 οεοεεο
281 3183 451 3237 infinitivum
474 3183 631 3253 ἀπαγαγεῖν
654 3181 787 3237 hocloco
806 3198 857 3252 pro
876 3181 1044 3250 imperativo
1062 3197 1181 3251 usurpa.-

158 3259 218 3308 tum
242 3270 333 3322 neque
356 3254 511 3324 quidquam
534 3254 701 3308 mutandum
720 3269 780 3308 εεεε
804 3253 838 3308 cf.
859 3253 972 3307 Schmid
991 3253 1077 3307 Attio.
1096 3251 1123 3307 11
1137 3259 1181 3319 οῖ,

159 3325 203 3380 W.
215 3324 343 3379 Schmidt
356 3325 392 3379 de
405 3325 461 3380 λοι.
477 3325 545 3381 ελον.
559 3343 587 3394 p.
598 3332 713 3395 iileqs.
774 3330 806 3377 17
827 3322 930 3394 ἐκγέεις
949 3323 971 3378 0
1031 3330 1064 3378 19
1083 3323 1146 3395 ἤτοι
1163 3322 1181 3394 ἢ

159 3395 284 3538 magia}
298 3395 409 3522 ξρνὸόῐτμ
426 3395 444 3466 ἢ
462 3417 520 3467 μεγ.
535 3397 564 3450 Μ
584 3395 644 3468 ἥκοι
662 3417 719 3466 μεγ.
734 3394 877 3465 Kiessling
894 3394 956 3450 *ότι
975 3393 1036 3466 ἥτοι
1054 3415 1112 3465 μεγ.
1128 3412 1181 3466 ego

161 3473 194 3522 23
233 3463 270 3522 πὸ
320 3486 341 3520 π
