2656 3932
599 234 755 284 -1-
1139 231 1182 298 83

165 358 406 444 διεργάσασθαι
423 357 479 423 καί
499 359 537 423 τὸ
559 355 664 442 μηδὲν
683 355 869 422 ἀποδοῦναι
891 353 993 435 δόξαν
1011 357 1184 442 αἰσχίστην

164 463 385 549 ἐνεγκάμενον
408 464 590 550 danuam
612 475 721 542 κακῶς
739 463 796 530 καί
814 463 943 549 ἀδήλως
959 463 1185 531 κατακοπέντα

164 571 230 637 ὑπὸ
253 581 321 637 τῶν
344 573 511 654 πολεμίων
534 569 735 656 ἀποθανεῖν,
761 569 875 656 ἐπειδὴ
902 568 993 655 κάγύ
1015 594 1065 649 τις
1087 567 1185 649 ἔδοξα

83 695 154 745 2112
164 671 251 744 εἶναι
282 688 350 744 τῶν
382 676 565 756 ἀξιούντων
596 677 759 766 ἐλεύθερα
788 687 942 764 φρονεῖν·
975 678 1016 744 οά
1046 679 1110 765 γάρ
1138 679 1185 756 είς

165 786 301 870 ἀάηλον,
330 782 403 850 ἀλλ’
421 786 469 863 είς
491 783 703 870 ἐγνωσμένον
725 781 937 862 ἀποστόλλεις
958 807 998 868 με
1020 785 1184 851 θάνατον·
1217 806 1229 846 ε

165 893 253 976 πλὴν
283 891 439 976 ὑπομενῶ
475 893 531 958 καί
566 901 665 959 τοῦτο
700 895 739 958 τὸ
771 889 872 979 ἔργον
902 892 958 958 καί
989 891 1224 978 πειράσομαιὸ

166 999 284 1085 φανείς
312 1001 425 1085 ψυχὴν
454 999 495 1065 ού
525 1000 625 1077 κακὸς
653 999 674 1084 ἢ
704 1009 864 1085 κρατησαι
890 1006 951 1065 τοῦ
978 999 1135 1085 χάρακος,
1163 998 1184 1084 ἢ

165 1109 209 1192 μὴ
237 1107 347 1192 τυχὼν
374 1115 432 1191 της
459 1105 593 1184 ἐλπίδος
620 1106 764 1190 εὐγενῶς
792 1102 987 1172 ἀποθανεῖν.
1032 1105 1118 1189 ὑμᾶς
1140 1102 1185 1190 δ’,

165 1210 192 1280 ἀ
224 1224 479 1298 συστρατιῶται,
513 1213 682 1299 μάρτυρας
713 1209 793 1290 ἀξιῶ
824 1211 985 1296 γενέσθαι
1015 1237 1072 1296 μοι
1103 1214 1187 1300 πρὸς

165 1323 243 1399 τοὺς
273 1321 396 1398 ἀλλους
422 1322 574 1404 πολίτας,
604 1319 663 1386 ἐάν
689 1321 850 1405 πύθησθε
875 1319 936 1385 τὸν
963 1317 1044 1402 ἐμὸν
1070 1322 1187 1407 μόρον,
1205 1342 1231 1382 ιο

166 1428 217 1494 ὅτι
248 1450 288 1510 με
321 1427 491 1492 ἀπώλεσεν
521 1427 542 1511 ἡ
575 1423 675 1512 ἀρετὴ
707 1425 763 1492 καί
793 1426 814 1510 ἡ
847 1427 952 1511 πολλα)
982 1436 1050 1492 τῶν
1077 1429 1187 1511 λόγων

166 1534 352 1620 ἐλευθερία.
412 1539 522 1599 Ταῦτα
552 1535 636 1619 πρὸς
667 1533 727 1599 τὸν
759 1531 889 1599 ὕπατον
925 1529 1226 1619 άποκρινάμενος6

166 1641 222 1707 καί
245 1639 413 1725 δακρύσας
439 1641 519 1717 τούς
544 1663 580 1706 τε
603 1642 763 1724 συνήθεις
788 1639 935 1718 ἅπαντας
958 1639 1188 1724 ἀσπασάμενος

168 1747 270 1836 ᾤχετο
302 1749 381 1824 τοὺς
413 1745 627 1824 ὀκτακοσίους
658 1747 783 1832 ἄνδρας
815 1748 906 1832 ἀγων
939 1757 1098 1833 κατηφεῖς
1132 1747 1188 1813 καί

167 1853 435 1941 όεόακρυμόνους
457 1854 502 1931 ὡς
524 1855 586 1939 τὴν
608 1851 663 1920 ἐπί
685 1853 823 1942 θανάτῳ
845 1854 1105 1941 πορευομένους·
1132 1855 1232 1920 καίει

165 1963 186 2046 ἡ
210 1963 294 2047 άλλη
317 1961 355 2027 δὲ
376 1969 467 2026 πάσα
490 1961 626 2046 στρατιά
649 1957 694 2026 δι’
712 1960 826 2026 οἴκτου
849 1963 887 2028 τὸ
910 1969 1044 2047 πρᾶγμα
1069 1958 1188 2045 ἔλαβεν

166 2069 211 2146 ὡς
234 2068 345 2136 οὐκέτι
368 2067 515 2153 ὀψομένη
538 2071 617 2146 τούς
640 2068 773 2154 ἀνδρας.

237 2174 417 2241 XXXXVI.
438 2173 473 2239 Ὁ
495 2175 534 2240 δὲ
556 2177 693 2252 Σίκκιος
715 2172 832 2259 ἑτέραν
856 2173 1097 2259 ἀποστραφείς,
1127 2174 1189 2258 οὐχ

165 2284 209 2368 ἣν
240 2282 259 2348 ὁ
287 2281 455 2365 Ῥωμίλιος
485 2281 712 2366 ὑπελάμβανε,
748 2281 838 2366 παρὰ
873 2281 935 2364 την
971 2281 1097 2364 λαγόνα
1128 2289 1188 2346 τοῦ

166 2390 268 2476 όρους
293 2385 384 2473 ἦγεν.
429 2385 542 2454 ἔπειτα
563 2423 608 2434 -
629 2384 674 2472 ην
699 2386 764 2473 γάρ
791 2409 842 2464 τις
868 2387 994 2474 δρυμὸς
1019 2385 1107 2472 ὕλην
1130 2389 1190 2470 βα·
1207 2407 1233 2448 ω

166 2503 267 2563 θείαν
295 2492 381 2581 ἔχων
402 2532 447 2542 -
470 2495 518 2571 εἰς
544 2502 665 2560 τοῦτον
692 2495 784 2578 άγων
810 2495 889 2572 τοὺς
914 2493 1039 2581 άνόρας
1061 2495 1192 2560 ἵσταταί

167 2626 202 2668 τε
231 2604 290 2668 καί
318 2618 435 2688 φησιν·
464 2599 542 2667 ’ἀπὸ
572 2601 634 2683 μὲν
662 2609 723 2667 τοῦ
751 2602 914 2686 ἡγεμόνος
946 2600 1190 2686 ἀπεστάλμεθα,

88 2727 158 2776 2113
169 2709 279 2794 ὥσπερ
316 2707 429 2795 ὁρᾶτε,
471 2705 701 2791 ἀπολούμενοι.
761 2704 870 2774 ἐδόκει
908 2709 973 2794 γὰρ
1008 2710 1093 2794 ἡμᾶς
1128 2710 1190 2794 τὴν

60 2885 62 2890 ,
168 2817 313 2900 πλαγίαν
344 2818 509 2901 χωρήσειν
540 2812 633 2898 όόόν,
667 2815 713 2899 ἣν
744 2811 988 2899 ἀναβαίνοντας
1019 2813 1190 2901 ἀμήχανον

168 2920 211 3056 ην
237 2923 281 3008 μη
310 2923 350 2989 ού
379 2924 549 3008 φανεροὺς
570 2932 640 3000 τοῖς
661 2924 832 3006 πολεμίοις
853 2921 1021 3006 γενέσθαι.
1067 2921 1131 3007 ἐγὼ
1155 2919 1186 2988 δ’
1208 2943 1234 2983 ιε

168 3029 253 3114 ὑμᾶς
280 3027 346 3108 ἀξω
373 3053 434 3095 κατ
435 3026 593 3114 ’ἀύηλον
620 3039 690 3108 τοῖς
717 3027 853 3116 ἐχθροῖς
880 3029 962 3096 ὁδὸν
988 3029 1044 3095 καί
1066 3031 1191 3107 πολλὰς

241 3157 257 3206 3
275 3171 317 3214 τις
336 3151 358 3206 0
382 3148 423 3214 εἷς
441 3151 529 3207 Cobet
547 3151 612 3206 obs.
627 3169 655 3220 p.
672 3155 723 3207 198
799 3157 816 3206 ό
837 3149 905 3236 ελ<ς
923 3149 1122 3235 ί>γνωσμένον
1140 3151 1162 3206 Β
1184 3152 1187 3224 Ι

170 3223 294 3293 quinque
319 3222 432 3278 litterae
460 3239 558 3278 erasae
584 3225 663 3290 sunt3
690 3222 721 3276 in
743 3222 790 3276 Ba
814 3221 901 3277 fuisse
923 3222 1035 3277 videtur
1059 3224 1100 3286 εἰς
1124 3243 1190 3278 κατ-

170 3314 241 3363 εγων
219 3291 343 3364 ωσμένον
416 3300 448 3349 17
469 3291 563 3350 υύκέτι
576 3293 629 3348 ΑΒ
702 3299 736 3348 18
755 3293 957 3377 ἀποστραφεὶς]
976 3294 1065 3363 ἀποτρ
1067 3295 1189 3357 α.πελςσ

171 3315 259 3420 Cobet
273 3365 368 3434 Obs
370 3371 439 3421 .198
492 3364 718 3490 21άγωνγωηγάγαγ
701 3367 796 3436 γὼνε.
806 3364 949 3456 Kiessling
998 3371 1033 3420 22
1046 3366 1190 3420 τεεᾶᾱ,Α

171 3435 480 3505 κσκαηλάδλονθκ
481 3437 586 3491 alant
628 3436 655 3491 el
686 3437 849 3491 antinum
830 3433 875 3490 α’τ
896 3436 1063 3491 mutandum
1087 3453 1189 3492 essee.

170 3507 287 3574 Reiske‚
306 3506 363 3573 ἀξω
382 3507 487 3577 ἄδηλον
506 3509 673 3570 καλτολςο.
691 3507 779 3563 Cobet
798 3505 863 3562 obs.
882 3512 977 3577 p.198

995 3595 1031 3649 δῦ
