2654 3916
130 209 195 274 278
553 239 586 247 -
624 210 660 261 1³
696 239 729 247 -

130 343 198 399 τῶν
226 333 426 419 σπλάγχνων
453 331 619 419 ἀνθήσειν
645 335 707 418 τὴν
734 337 848 419 χολήν,
876 333 935 400 ἐὰν
962 335 1074 426 κωλύη
1103 360 1154 417 τις

132 440 254 518 αὐτοὺς
276 441 452 518 τοσαύταις
474 450 597 526 ψυχαῖς
619 443 787 523 πολεμίων
809 452 943 527 τιμῆσαι
964 445 1044 520 τούς
1070 446 1153 509 κατὰ

130 557 205 632 γῆς,
238 548 335 634 αἴπερ
367 549 467 630 μόναι
498 558 566 613 τῶν
597 547 842 633 κατοιχομένων
875 549 1034 615 δοκοῦσιν
1066 543 1154 616 εἶναι

89 654 234 737 3τιμαί;
257 652 307 742 (5)
330 653 416 740 Φέρε
440 654 481 740 δη
504 655 556 720 κεί
578 663 676 720 τοῦτο
700 655 895 733 πεισθέντες
916 655 1154 740 δ’βιασθόντες

98 760 149 845 ιῆ
178 761 196 826 ό
223 783 256 825 τι
283 761 326 846 δή
353 782 433 828 ποτε
460 763 629 839 παθόντες
656 759 783 840 είξουσί
808 785 844 827 τε
870 762 1008 847 καὶζῆν
1031 763 1154 841 αύτούς

130 865 298 952 ἐάσουσιν,
326 864 379 955 ἆρ’
400 865 448 934 ἔτι
476 885 530 935 σοι
557 869 695 934 δοκοῦσι
718 869 836 934 καὶτὰ
859 872 1008 955 χρήματα
1030 869 1154 948 αὐτοὺς

129 973 240 1040 ἐάσειν
270 972 359 1060 ἔχειν
386 977 443 1042 καί
472 977 631 1060 μηδεμιᾶς
660 974 882 1060 πειραθέντας
911 976 1153 1061 ἀσχημοσύνης,

130 1082 241 1168 ὥσπερ
259 1082 369 1167 ἡρῶάς
386 1106 480 1160 τινας
497 1079 549 1148 ἐπ’
565 1081 683 1169 ἀγαθῷ
701 1083 803 1167 τῆσδε
820 1093 878 1167 τῆς
896 1094 957 1170 γης
976 1083 1153 1169 φανέντας,

130 1189 234 1255 ὁπότε
247 1187 376 1268 δόξειεν
394 1190 523 1276 αὐτοῖς,
546 1190 718 1274 ἀπελθεῖν,
742 1186 815 1255 ἀλλ’
833 1190 895 1275 οὐχ
914 1191 1025 1276 ὥσπερ
1047 1193 1153 1276 θηρία

84 1319 110 1358 ιο
129 1296 373 1382 περιχυθέντος
395 1297 641 1364 διασπάσεσθαι
661 1305 764 1363 ταῦτα
783 1296 892 1380 λέγειν
910 1295 1153 1380 ἐπιβαλόμενον

88 1402 200 1487 4ἐμέ;
232 1403 294 1490 ούχ
326 1403 421 1490 δρᾷς,
454 1405 505 1471 ὅτι
536 1404 592 1470 καί
623 1407 702 1482 τοὺς
733 1407 901 1488 κυνηγοὺς
929 1405 963 1470 οἱ
988 1404 1153 1489 θηρευταὶ

128 1513 242 1596 κύνες,
271 1513 352 1578 ὅταν
380 1511 448 1598 ἁλῷ
475 1513 602 1598 θηρίον
628 1511 869 1578 κατακλυσθὲν
891 1510 950 1576 ὑπ’
967 1511 1078 1577 αὐτῶν
1106 1513 1154 1588 είς

129 1619 169 1682 ’τά
193 1621 284 1702 λίνα,
308 1620 536 1703 περιίστανται
557 1621 620 1704 την
643 1617 890 1703 ἐπιβάλλουσαν
912 1628 1034 1703 μοίραν
1057 1617 1153 1683 ἀπαι-

128 1733 266 1801 τοῦντες
296 1735 355 1809 τῆς
386 1726 504 1810 ἀγρας,
536 1727 591 1791 καί
623 1724 683 1791 ἐὰν
714 1727 758 1810 μὴ
790 1725 1019 1808 μεταλάβωσιν
1047 1725 1154 1802 εὐθὺς

85 1851 110 1893 ιε
130 1832 267 1914 αἵματος
293 1831 315 1915 ἢ
343 1831 553 1917 σπλάγχνων,
581 1832 782 1918 ἀρράζουσιν
805 1831 961 1914 ἑπόμενοι
987 1831 1043 1896 καί
1071 1847 1153 1897 σπα·

130 1938 288 2024 ράττουσι
308 1939 368 2004 τὸν
386 1941 546 2024 κυνηγόν,
568 1940 624 2005 καί
647 1940 724 2005 ούτε
748 1940 945 2022 διωκόμενοι
964 1939 1041 2004 ούτε
1058 1941 1153 2004 παιό-

128 2069 224 2128 μενοι
246 2045 476 2130 ἀπείργοντας
498 2047 609 2112 Λαιόν.

129 2209 130 2214 1
200 2169 257 2236 III.
292 2170 343 2258 (6)
376 2167 433 2237 Δι’
459 2171 582 2258 ἡμέρας
614 2171 676 2254 μὲν
708 2171 786 2255 ὅλης
819 2169 1054 2254 ἀγωνιζόμενοι
1085 2180 1153 2235 τῶν

128 2280 244 2344 πόνων
279 2278 469 2363 ἠνείχοντο,
506 2278 731 2365 ἀφελομένου
753 2278 791 2343 δὲ
826 2285 887 2343 τοῦ
920 2279 1059 2354 σκότους
1091 2278 1153 2361 τὴν

84 2405 110 2446 ιο
128 2395 256 2468 γνῶσιν
279 2395 348 2451 τῶν
370 2409 405 2450 τε
433 2387 566 2450 οἰκείων
588 2386 644 2450 καί
671 2396 740 2451 τῶν
767 2386 936 2467 πολεμίων
963 2385 1047 2468 πρὸς
1073 2387 1153 2460 τοὺς

129 2493 273 2568 οἰκείους
295 2491 440 2577 χάρακας
463 2491 708 2576 ἀπηλλάγησαν.

192 2595 335 2675 ’Ἁππιος
362 2599 532 2675 Κλαύδιος
563 2599 640 2684 περὶ
671 2600 730 2675 τάς
761 2599 885 2674 θυσίας
917 2600 1153 2682 παρανομήσας

37 2878 43 2888 ,
200 2833 216 2881 2
235 2825 309 2882 κατδι
327 2835 379 2898 γῆν
393 2826 489 2882 Ambr.
505 2845 574 2882 corr.
589 2826 621 2881 Κ.
633 2825 677 2880 W.
688 2827 798 2898 Krfiger
813 2825 873 2881 Ind.
884 2845 924 2898 gr.
935 2845 976 2897 gr.
993 2831 1071 2894 1856,
1086 2831 1151 2894 θθδς

129 2899 163 2954 ef.
183 2897 292 2968 Jacoby
311 2898 376 2954 Obs,
392 2899 453 2953 crit.
472 2917 500 2968 p.
515 2904 567 2952 329
640 2904 658 2952 4
677 2895 744 2966 φόρι
764 2898 794 2953 δὲ
813 2899 863 2952 καὶ
877 2899 972 2952 Ambr.
986 2898 1151 2953 ἰεείοΜείο

128 2990 158 3038 φ.
178 2969 282 3107 δὲκαὶ
299 2972 373 3024 teste
391 2969 575 3025 Ambroschio
595 2971 623 3023 et
641 2970 812 3040 Kiesslingio
832 2990 861 3039 φ.
882 2969 917 3040 δὴ
936 2967 990 3024 κάν
1009 2969 1153 3040 Kiessling

129 3041 194 3095 5⁸⁸
224 3039 274 3096 ατί
297 3061 330 3110 με
353 3041 449 3095 Ambr.
473 3039 566 3107 είξωσί
585 3061 633 3110 μοι
655 3041 748 3095 Maius
771 3039 876 3107 είξουοί
893 3061 922 3095 τι
942 3040 1041 3094 Struve
1059 3040 1153 3107 εἴξωσι

128 3111 328 3181 γι-ίύσοσια
347 3112 501 3182 Kiessling:
520 3115 612 3166 totum
630 3113 723 3167 locum
741 3111 837 3167 Naber
855 3113 957 3167 Mnem.
973 3117 1016 3180 30,
1033 3117 1085 3165 259
1111 3112 1152 3166 sic

129 3183 288 3238 constituit:
316 3181 383 3252 φέρε
409 3185 435 3238 εί
460 3183 491 3238 δὲ
517 3182 897 3254 δη-είζονσι-ἀάσονσιν,
925 3199 989 3254 ego:
1019 3181 1087 3252 φόρε
1115 3183 1151 3254 δὴ
1237 3189 1243 3196 “

128 3255 173 3308 κοί
191 3253 246 3324 (vel
264 3255 313 3308 καὶ
332 3255 367 3316 εἰ)
386 3253 492 3321 είξονοί
510 3255 720 3310 τι-ἐάοουσιν
788 3260 805 3309 8
823 3257 888 3326 τῇδε
906 3259 941 3326 τῇ
959 3259 994 3326 γῇ
1013 3272 1036 3309 ο.
1052 3255 1152 3308 Struve

130 3329 164 3380 10
188 3323 388 3395 περιχυθέντες
415 3343 437 3381 c.
462 3325 627 3382 dubitanter
651 3325 795 3397 Kiessling
867 3331 901 3379 14
926 3327 1032 3396 ἀγορᾶς
1054 3324 1151 3382 Ambr.

129 3413 198 3452 corr.
218 3397 311 3452 Maius
384 3403 417 3452 16
437 3397 500 3452 οὔτε
519 3395 685 3468 διωκόμενοι
704 3397 767 3452 ούτε
786 3394 985 3467 ἀγωνιζόμενοι
1001 3395 1152 3468 παιόμενοι

129 3468 235 3536 Ambr.‚
254 3469 304 3524 sed
322 3465 520 3538 ἀγωνιζόμενοι
539 3487 649 3526 erasum
