2668 3922
581 254 614 264 ··
653 227 697 277 IA
734 253 768 262 -
1119 227 1183 294 257

112 411 115 421 ,
234 349 288 416 XI.
322 348 395 438 (20)
419 348 477 417 Ἐν
503 349 606 440 Ῥώμη
638 351 745 416 πολλά
776 349 838 432 μὲν
869 351 925 415 καὶ
957 351 1040 416 ἀλλα
1068 363 1185 436 σημεῖα

81 481 83 485 ·
162 459 355 541 θεόπεμπτα
392 457 524 542 γέγονε,
561 457 717 541 μέγιστον
750 453 781 522 δ’
813 456 969 522 ἁπάντων
1000 458 1089 524 πόδε·
1127 469 1185 543 τῆς

162 562 286 650 ἀγορᾶς
308 566 390 630 κατά
413 566 450 630 τὸ
473 563 576 648 μέσον
593 563 734 646 μάλιστα
752 564 973 650 διαρραγῆναι
993 587 1025 629 τι
1044 575 1102 650 της
1125 576 1185 650 γῆς

162 673 210 749 είς
237 671 345 754 βάθος
372 673 524 758 ἀβυσσον
545 671 601 737 καλ
628 669 718 736 τοῦτ’
739 669 794 736 ἐπί
819 672 944 748 πολλὰς
967 671 1090 758 ἡμέρας
1113 673 1184 738 δια-

161 787 280 861 μείναι.
330 778 563 864 ψηφισαμένης
592 778 630 843 δὲ
657 787 715 862 τῆς
739 781 864 863 βουλῆς
891 779 924 843 οἱ
952 776 1006 843 ἐπὶ
1033 789 1101 844 τῶν
1123 785 1184 845 Σι-
1216 799 1228 840 ε

162 887 328 968 βυλλείυν
345 895 502 972 χρησμῶν
525 884 781 968 ἐπισκεψάμενοι
804 886 844 950 τά
867 888 980 968 βιβλία
1004 879 1109 970 εἷπον,
1133 887 1184 953 ὅτι

162 994 203 1058 τδι
234 994 391 1059 πλείστου
424 991 499 1070 άξια
530 1002 576 1081 τῷ
600 990 767 1074 Ῥωμαίων
794 992 887 1078 δήμῳ
917 995 1066 1075 λαβοῦσα
1092 994 1112 1077 η
1141 1003 1182 1078 μῆ

163 1099 399 1166 συνελεύσεταί
423 1123 459 1164 τε
485 1099 542 1164 καί
564 1101 692 1184 πολλὴν
716 1097 889 1184 ἀφθονίαν
912 1099 960 1175 εἰς
981 1100 1042 1165 τὸν
1064 1103 1184 1166 λοιπὸν

161 1209 287 1292 χρόνον
305 1207 461 1272 ἁπάντων
479 1207 620 1290 ἀμαθῶν
644 1205 768 1290 ἀνήσει.
804 1212 941 1270 τοιαῦτα
958 1216 1026 1271 τῶν
1049 1206 1184 1294 ἀνδρῶν
1202 1207 1224 1272 2

162 1312 431 1398 ἀποφηναμένων
454 1313 603 1398 ἀπαρχὰς
626 1312 762 1390 ἕκαστος
785 1313 832 1389 είς
854 1313 892 1376 τὸ
917 1311 1026 1396 χάσμα
1053 1310 1184 1399 ἔφερεν,
1202 1335 1229 1374 ιο

162 1413 211 1484 ὧν
243 1415 324 1507 βετο
358 1421 431 1486 δείν
463 1420 604 1512 ἀμαθῶν
634 1428 674 1506 τῇ
707 1419 857 1505 πατρίδι,
890 1416 954 1484 ἀπό
984 1441 1020 1484 τε
1046 1431 1184 1504 καρπῶν

162 1526 327 1604 πελάνους
355 1527 411 1592 καί
441 1527 505 1594 άπὸ
535 1527 711 1614 χρημάτων
739 1523 896 1612 ἀπαρχάς.
943 1523 1015 1614 (21)
1043 1526 1223 1611 Μάρκος3

162 1631 202 1698 δέ
226 1656 276 1710 τις
298 1635 465 1720 Κούρτιος
493 1633 530 1700 έν
553 1645 623 1712 τοίς
649 1635 793 1720 πρώτοις
819 1643 888 1698 τῶν
909 1631 997 1698 νέων
1020 1631 1184 1718 ἀριθμού-

162 1763 261 1822 μενος
288 1742 511 1827 σωφροσύνης
538 1741 635 1806 ἕνεκα
656 1741 712 1806 καί
734 1751 792 1826 της
815 1741 897 1805 κατὰ
920 1738 1085 1822 πολέμους
1109 1735 1183 1824 ἀρε·
1329 1827 1330 1830 ¹

161 1855 220 1930 της
252 1843 378 1933 ἔφοδον
410 1848 627 1933 αἰτησάμενος
659 1847 713 1914 ἐπὶ
745 1849 807 1933 την
838 1848 966 1931 βουλὴν
996 1839 1100 1929 εἶπεν,
1132 1845 1184 1912 ὅτι
1202 1867 1228 1909 ιι
1329 1837 1330 1894 f

161 1964 230 2019 τῶν
247 1954 383 2020 πάντων
401 1954 493 2021 ἐστίν
517 1955 657 2039 ἀμαθῶν
679 1964 787 2040 χρημα
809 1953 988 2019 κάλλιστον
1010 1951 1065 2018 καί
1088 1953 1184 2018 πόλει
1329 1943 1330 1966 ’

157 2057 324 2144 Ῥωμαίων
343 2061 604 2147 ἀναγκαιότατον
622 2059 758 2147 ἀνδρῶν
777 2057 888 2146 ἀρετή·
913 2061 942 2124 εί
963 2059 1004 2142 δὴ
1027 2058 1084 2123 καί
1105 2059 1184 2124 ταύ-

161 2191 219 2252 της
252 2166 404 2254 άπαρχην
435 2193 511 2236 τινα
541 2171 561 2254 ἡ
595 2179 636 2254 γη
669 2168 766 2251 λάβοι
797 2167 853 2232 καί
883 2165 1014 2250 γένοιτο
1047 2162 1132 2230 ἑκὼν
1164 2165 1183 2230 ὁ

161 2283 260 2340 τοῦτο
287 2277 506 2361 χαριούμενος
532 2286 572 2362 τῇ
601 2275 750 2360 πατρίδι,
778 2275 923 2348 πολλοὺς
950 2270 1066 2356 ἀνήσει
1091 2272 1112 2356 η
1140 2281 1182 2356 γη
1329 2341 1330 2344 ¹

162 2382 287 2467 ἄνδρας
315 2379 474 2466 ἀγαθούς.
520 2383 612 2449 ταῦτ’
634 2383 737 2448 εἰπὼν
764 2381 820 2446 καλ
847 2379 965 2464 μηδενί
987 2353 1227 2484 παραχειιρη-;δ0

162 2504 235 2554 σειν
257 2487 357 2577 ἑτέρῳ
384 2500 442 2574 τῆς
469 2493 658 2577 φιλοτιμίας
684 2489 804 2572 ταύτης
827 2485 1054 2571 ὑποσχόμενος
1080 2484 1121 2550 τά
1147 2507 1182 2550 τε
1329 2489 1330 2496 ’

162 2596 248 2662 ὅπλα
271 2597 444 2682 περιέθετο
472 2599 527 2664 καὶ
550 2597 605 2664 ἐπὶ
631 2598 691 2663 τὸν
713 2595 915 2678 πολεμιστὴν
939 2593 1043 2660 ἵππον
1066 2591 1182 2676 ἀνέβη·

162 2703 390 2789 συναχθέντος
422 2700 453 2768 δ’
480 2703 534 2771 ἐπὶ
566 2707 631 2791 τὴν
658 2703 745 2770 θέαν
781 2710 841 2768 τοῦ
876 2702 957 2766 κατδι
989 2700 1051 2784 την
1082 2700 1183 2764 πόλιν

162 2810 263 2894 ὄχλου
291 2821 424 2896 πρῶτον
447 2811 508 2893 μὲν
530 2810 652 2896 ηύξατο
679 2821 750 2887 τοίς
775 2816 870 2885 θεοῖς
892 2806 1023 2890 ἐπιτελῆ
1046 2814 1183 2888 ποιησαι

162 2917 202 2981 τά
215 2919 428 3000 μαντεύματα
438 2918 493 2984 καί
506 2921 652 2995 πολλοὺς
668 2918 792 3002 ἄνδρας
808 2915 944 2998 ὁμοίους
958 2913 1047 2998 αὐτῷ
1063 2912 1182 2976 δοῦναι
1200 2934 1227 2975 εε

161 3031 201 3108 τῇ
225 3024 320 3090 πόλει
341 3033 382 3111 τῇ
401 3022 567 3108 Ῥωμαίων
590 3023 761 3107 γενέσθαι·
792 3019 891 3088 ἔπειτ’
909 3019 1001 3104 ἐφείς
1023 3029 1068 3104 τῷ
1092 3017 1181 3106 ἵππφ

162 3130 220 3206 τὰς
245 3130 343 3213 ἡνίας
368 3133 424 3198 καὶ
450 3133 491 3198 τά
512 3131 633 3217 κέντρα
656 3130 856 3216 προσβαλὼν
879 3125 994 3213 ἔρριψε
1016 3127 1099 3192 κατὰ
1121 3133 1181 3191 τού

234 3273 249 3322 3
276 3271 464 3341 διαρραγῆναι
485 3271 581 3328 Ambr.
608 3269 741 3340 διερράχη
767 3267 909 3337 Kiessling
980 3273 997 3320 4
1020 3261 1181 3334 *διαμένειν

161 3339 257 3394 Ambr.
286 3339 423 3410 διέμεινεν
450 3343 592 3414 Kieseling
620 3345 764 3412 διαμεῖναι
791 3356 843 3410 ego
921 3344 935 3391 7
960 3346 1016 3392 τῶν
1038 3333 1181 3406 Ῥωμαίων

161 3410 257 3467 Ambr.
274 3429 343 3468 corr.
358 3413 458 3468 Struve
512 3419 527 3468 9
547 3417 639 3470 αὐτῶν
658 3413 754 3468 Ambr.
774 3412 893 3481 ἀμαθῶν
913 3410 1011 3464 Struve
1068 3414 1100 3462 11
1120 3409 1180 3462 δεῖν

160 3482 257 3538 Ambr.
277 3483 351 3555 ἔχειν
369 3484 467 3540 struve

216 3611 318 3652 mom.
328 3607 391 3649 Ηετ.
398 3605 438 3647 IV.
448 3613 488 3648 m).
499 3605 605 3650 σεοοετ.
986 3593 1017 3642 17
