2656 3932
184 195 247 260 138
600 223 633 233 -
671 196 711 247 ΙΑ
748 223 782 233 -

183 318 238 386 ἐπὶ
265 321 305 385 τά
332 320 429 385 κοινά
455 329 513 404 τής
540 321 667 396 πόλεως
693 319 868 404 πράγματα
895 319 1119 405 μεταφέρουσι
1149 322 1210 387 καῖ

184 424 434 493 συναπολέσθαι
461 436 530 503 τοῖς
556 425 685 492 ἑαυτῶν
707 424 843 511 ἐχθροῖς
870 427 1051 510 βούλονται
1077 433 1209 511 μᾶλλον

182 534 203 618 ή
232 540 383 620 σωθῆναι
410 534 491 615 μετά
514 533 649 598 πάντων
671 543 741 598 τῶν
762 534 881 617 φίλων.
926 533 1118 620 ὑπερβολήν
1141 537 1208 622 γάρ
1219 553 1285 602 2196

184 639 298 718 ἀνοίας
320 640 450 718 τούτοις
473 639 528 705 καῖ
552 640 728 725 ούπόρρω
747 642 968 724 θεοβλαβείας
986 645 1209 727 πεποιήκασιν

143 726 217 852 ’ξολ
239 747 397 833 πρόεδροι
419 757 477 832 τής
499 750 625 831 βουλῆς
640 747 745 830 ημῶν.
782 741 876 812 οὗτοι
894 749 959 833 γάρ
979 745 1209 832 ἀγανακτοῦν·

183 878 250 939 τες,
283 856 334 921 ότι
365 856 537 937 μετιόντας
568 853 690 930 αὐτούς
724 853 785 937 τήν
817 864 885 919 τῶν
912 854 991 921 δίκα
1019 852 1135 941 ἀρχήν,
1166 852 1209 940 ής

184 961 279 1028 αὐτοὶ
315 970 381 1027 νῦν
416 969 670 1045 κατηγοροῦσιν,
712 959 870 1044 ἐνίκησαν
906 959 944 1027 ἐν
981 958 1208 1049 ἀρχαιρεσίαις

183 1068 439 1154 ἐπιτηδειότεροι
462 1065 638 1153 φανέντες,
667 1064 719 1132 ἀεῖ
746 1073 950 1150 πολεμοῦσιν
973 1068 1086 1147 αύτοῖς
1108 1071 1209 1136 πόλε-

183 1202 247 1261 μον
284 1173 515 1260 ἀδιάλλακτον,
556 1174 611 1240 καῖ
648 1176 696 1251 είς
732 1170 830 1240 τοῦθ’
861 1175 1002 1259 ήκουσιν
1038 1176 1207 1262 εὐηθείας,

140 1309 166 1347 ιο
183 1290 310 1368 μᾶλλον
328 1283 366 1349 δέ
388 1285 521 1367 μανίας,
545 1281 643 1366 ὥσθ’,
667 1282 723 1347 ἵνα
741 1281 881 1359 τούτους
899 1282 1103 1366 διαβάλλωσι
1118 1286 1208 1369 Ιπρὸς

143 1393 165 1459 5
183 1392 282 1476 ὑμᾶς,
306 1391 388 1476 ὅλην
406 1389 633 1473 ὑπομένουσιν
652 1385 835 1474 ἀνατρέψαι
855 1390 917 1474 τήν
935 1392 1091 1476 πατρίδα·
1115 1392 1151 1457 οῖ
1170 1388 1203 1475 γ’

183 1500 326 1586 ὁρῶντες
348 1498 410 1580 μὲν
429 1497 614 1563 ἀνάστατον
631 1497 694 1580 τήν
716 1496 829 1581 χώραν
850 1497 944 1580 ἡμῶν
967 1497 1033 1563 ὑπὸ
1057 1509 1125 1564 τῶν
1146 1519 1207 1563 πο-

184 1608 306 1689 λεμίων
329 1604 523 1690 γενομένην,
546 1603 688 1689 δρῶντες
712 1602 750 1668 δέ
772 1602 855 1669 ὅσον
873 1604 966 1669 ούπω
989 1605 1044 1670 καί
1067 1603 1122 1670 ἐπί
1144 1607 1207 1689 τήν

183 1716 283 1779 πόλιν
304 1713 426 1788 αύτούς
448 1709 709 1777 ἐλεύσεσθαι-
727 1711 765 1775 τὸ
789 1711 853 1795 γάρ
877 1711 933 1776 διδ
955 1711 1059 1794 μέσου
1081 1715 1207 1798 χωρίον

140 1842 165 1882 ιι
183 1820 224 1885 ού
252 1819 338 1884 πολύ
362 1855 406 1866 -
429 1818 505 1883 ἀντί
531 1826 591 1883 τοῦ
619 1823 824 1903 παρακαλεῖν
846 1818 902 1883 καί
929 1828 1105 1905 παρορμᾶν
1127 1821 1207 1896 τοὺς

183 1927 281 2004 νέους
308 1924 362 1991 ἐπί
390 1926 449 1990 τὸν
476 1924 561 2011 ὑπὲρ
591 1935 649 2010 τής
679 1925 839 2009 πατρίδος
869 1923 996 2010 ἀγῶνα,
1026 1927 1081 1992 καί
1111 1925 1206 1992 αύτοί

183 2034 272 2124 πάση
295 2034 469 2120 προθυμίᾳ
491 2032 547 2097 καὶ
570 2033 701 2118 σπουδή
721 2035 875 2116 βοηθεῖν,
898 2031 959 2116 ὅση
978 2042 1064 2116 γοῦν
1081 2031 1120 2099 ἐν
1136 2042 1207 2110 τοῖς

183 2140 389 2226 τηλικούτοις
419 2137 511 2206 ἐστίν
542 2138 650 2224 ἰσχύς,
682 2139 759 2224 περὶ
791 2140 957 2216 πολιτείας
986 2141 1112 2222 κόσμου
1141 2149 1283 2207 νῦνεεεο

184 2247 335 2327 ἀξιοῦσιν
363 2246 449 2330 ὑμᾶς
478 2256 616 2312 σκοπεῖν
645 2246 701 2311 καί
730 2245 807 2322 νίας
837 2245 939 2331 ἀρχάς
969 2244 1207 2312 ἀποδεικνύναι

140 2377 167 2418 εο
183 2356 239 2422 καί
266 2355 374 2420 πάντα
400 2359 528 2436 μᾶλλον
553 2352 574 2438 ή
602 2356 682 2430 τοὺς
704 2351 850 2439 ἐχθρούς
872 2363 980 2431 κακῶς
1002 2364 1123 2420 ποιεῖν·
1151 2354 1207 2420 καί

184 2461 257 2528 οὐδ’
273 2461 354 2527 αὐτὸ
372 2469 471 2526 τοῦτο
491 2460 653 2525 δύνανται
671 2461 834 2544 συνιδεῖν,
854 2461 906 2526 ότι
925 2461 1059 2544 γνώμας
1078 2457 1207 2543 (ἀσυμ-

185 2569 337 2653 φόρους)
350 2566 555 2652 είσφόρουσι,
569 2572 696 2650 μᾶλλον
708 2564 740 2631 δ’
749 2567 847 2653 εύχάς
862 2566 1049 2642 ἀδυνάτονς
1063 2564 1205 2652 ἔχουσιν.

256 2714 273 2760 4
291 2707 400 2768 τούτοις
419 2705 441 2760 Ο
460 2701 542 2761 τοῦτό
561 2726 591 2776 γε
611 2703 792 2761 Cusuubonus
812 2723 963 2775 omnesque
983 2706 1069 2761 ceteri
1095 2707 1098 2778 Ι
1123 2704 1205 2761 διιε-

185 2779 336 2848 ποιήκασιν
360 2776 457 2831 Nuber
481 2777 499 2830 l.
518 2777 536 2830 l.
565 2775 787 2902 ήίθεοβλαβείας
811 2777 1011 2850 πεποιήκασιν]
1037 2781 1068 2832 θ.
1091 2777 1205 2832 ἀπεῖναι

185 2848 310 2905 ἐοίκασιν
336 2865 359 2904 ο.
380 2847 543 2902 dubitanter
591 2848 688 2902 iessliu
714 2871 720 2916 ;
745 2848 832 2902 verbu
855 2849 889 2903 ού
912 2846 1008 2918 πόρρω
1032 2849 1062 2903 δὲ
1085 2850 1206 2920 θεοβλα-

185 2920 263 2994 βείας
286 2937 349 2974 cum
372 2919 607 2988 praecedentibus
625 2867 728 2975 Βεὶεάε
752 2920 897 2975 coniunxit
915 2920 956 2974 sic
974 2937 1107 2991 pergens:
1134 2919 1204 2975 ούτω

186 2993 216 3062 δὲ
239 2992 433 3061 πεποιήκασιν.
472 2991 537 3046 Meu
560 2991 675 3060 quidem
699 2992 840 3046 sententia
865 2992 1022 3063 ὑπερβολήν
1046 3009 1098 3061 pro
1122 2993 1206 3058 ὑπερ-

185 3099 251 3170 βολὴ
263 3098 285 3153 0
296 3097 474 3152 scribendum
484 3115 575 3167 neque
585 3098 740 3167 quidquam
750 3099 918 3152 mutandum
928 3101 971 3153 eut
1009 3104 1042 3152 10
1054 3074 1166 3154 ἀσθιάἀι
1177 3098 1207 3151 Μ

187 3177 219 3224 12
245 3168 364 3236 δρῶντες
388 3169 595 3240 μετανάστατον
617 3169 639 3224 Ο
665 3186 734 3224 corr.
759 3169 882 3240 Sylburg
962 3175 995 3224 13
1021 3169 1140 3238 δρῶντες
1163 3169 1205 3295 Ἥ

185 3242 336 3304 ἀκούοντες
362 3241 393 3296 δὲ
419 3240 507 3296 Cobet
532 3239 597 3295 obs.
623 3259 650 3310 p.
671 3246 722 3296 206
800 3247 833 3295 21
860 3242 972 3312 γνώμας
997 3239 1158 3310 εἰσφέρουσι

185 3334 209 3383 γ.
229 3312 355 3382 πονηρὰς
373 3312 445 3382 είσφ.
461 3312 615 3383 Kiessling3
634 3313 735 3367 melius
754 3311 926 3382 Grusberger
942 3313 1017 3368 Τεεε,
1032 3313 1118 3383 Herp.
1132 3331 1160 3382 p.
1173 3317 1206 3366 36

185 3385 250 3453 post
268 3381 428 3453 εἰσφέρουσι
447 3385 528 3438 addit
547 3385 592 3455 (of.
608 3401 630 3439 ο.
646 3390 680 3439 57
695 3386 775 3453 extr.)
795 3381 989 3454 ἀσυμφόρους,
1008 3400 1093 3453 quum
1111 3400 1207 3440 vocem

187 3457 253 3510 aute
278 3453 438 3524 εἰσφέρουσι
462 3456 568 3511 inserui
641 3461 675 3510 22
698 3455 821 3526 ἔχουσιν]
845 3452 972 3525 λέγουσιν
994 3455 1111 3524 Reium,
1135 3455 1206 3509 Emit
