2656 3932
196 217 259 283 156
614 245 647 255 ·-
685 218 725 269 Μ
762 243 795 254 -

194 360 253 420 σας
276 345 338 428 την
361 342 514 407 διάνοιαν
537 341 649 407 αὐτῶν
672 341 819 425 μηνυτὴς
841 342 977 423 γίνεται
994 351 1038 427 τῷ
1062 341 1221 432 δεσπότη.

154 451 174 516 3
193 449 344 526 κάκεῖνος
362 449 406 525 ὡς
427 445 513 532 ἔγνω
536 451 812 531 κατακλειόμενον
831 447 934 513 αὑτὸν
953 449 1000 524 είς
1018 448 1221 533 δυσχωρίας,

194 554 280 622 ἔνθα
307 555 368 620 οὐκ
395 551 438 639 ἦν
466 555 612 621 δυνατὸν
641 551 705 620 ἀνά
732 554 852 640 κράτος
879 552 994 620 ἐλάσαι
1018 556 1078 621 τὸν
1102 556 1220 639 ἵππον,

193 662 397 728 καθάλλεταί
417 685 452 726 τε
474 662 530 727 καί
553 663 632 739 στὺς
655 660 710 727 έπί
732 662 793 727 τὸν
811 662 929 747 όχθον,
954 662 1010 728 ἵνα
1027 664 1071 747 μη
1090 667 1220 727 κυκλω-

162 771 270 853 εθείη
298 770 382 852 πρὸς
409 769 531 852 αὐτῶν,
560 770 620 834 τὸν
646 767 859 852 ὑπασπιστὴν
888 770 994 851 μόνον
1023 766 1109 854 έχων
1137 771 1220 846 τοὺς

193 875 347 953 ἐπιόντας
368 874 554 958 ὑπέμεινεν.
592 874 810 962 ὁρμησάντων
833 874 871 940 δὲ
894 875 960 958 ἅμα
983 875 1118 941 πάντων
1136 881 1219 941 πολ-

194 988 261 1049 λῶν
291 983 399 1048 όντων
428 980 478 1048 ἐπ’
503 983 606 1049 αὑτὸν
636 981 823 1048 ἀποκτείνει
852 981 914 1064 μὲν
943 983 1020 1068 περὶ
1047 984 1219 1048 πεντεκαί-

193 1091 287 1174 δεκα,
310 1091 518 1172 τραυματίζει
536 1089 574 1155 δὲ
596 1090 652 1155 καί
675 1089 880 1165 διπλασίους.
917 1086 1025 1154 ἐδόκει
1048 1088 1078 1154 δ’
1096 1088 1139 1155 δν
1161 1090 1219 1154 καλ

193 1199 271 1274 τοὺς
299 1197 421 1274 ἄλλους
448 1197 595 1274 ἅπαντας
625 1198 824 1281 διαφθεῖραι
850 1197 1048 1281 μαχόμενος,
1079 1197 1109 1261 εί
1136 1213 1218 1262 συν-

149 1278 296 1408 ἓῄεσαν
323 1303 431 1386 ὁμόσε.
478 1305 511 1369 ολ
539 1301 569 1368 δ’
590 1305 655 1389 ἄρα
683 1305 994 1389 συμφρονήσαντες,
1022 1303 1067 1381 ὡς
1089 1304 1218 1388 ἄμαχον

193 1411 243 1495 εἴη
271 1419 393 1496 χρῆμα,
426 1411 482 1476 καλ
513 1411 576 1477 οὐκ
608 1410 650 1476 άν
678 1409 786 1476 ἕλοιεν
813 1409 917 1475 αὐτὸν
947 1410 1127 1495 συστάδην,
1159 1420 1218 1494 τῆς

193 1517 254 1600 μὲν
285 1516 322 1583 ἐκ
353 1520 463 1602 χειρὸς
495 1515 670 1603 ἀπείχοντο
700 1517 819 1602 μάχης,
852 1516 1050 1603 προσωτέρω
1081 1516 1112 1582 δ’
1135 1515 1217 1582 άπο-

194 1625 329 1701 στάντες
356 1621 498 1707 ἔβαλλον
522 1627 554 1690 οί
581 1624 642 1707 μὲν
666 1625 831 1707 σαυνίοις,
861 1625 894 1688 οί
921 1623 959 1689 δὲ
985 1624 1156 1710 χερμάσιν,
1184 1626 1218 1690 ol

195 1733 232 1797 δὲ
259 1729 383 1808 ξύλοις·
411 1731 499 1808 τινὲς
526 1727 557 1794 δ’
576 1731 687 1796 αὐτῶν
709 1732 955 1817 προσελθόντες
980 1729 1017 1796 έκ
1044 1741 1112 1796 τῶν
1133 1736 1217 1796 πλοι-

149 1859 175 1900 ιε
193 1842 277 1924 γίων
295 1848 340 1926 τῷ
361 1838 454 1924 όχθῳ
472 1838 528 1902 καί
550 1840 725 1922 γενόμενοι
747 1839 829 1902 κατά
851 1843 998 1922 κεφαλῆς
1020 1838 1217 1903 κατεκύλιον

194 1943 431 2030 ὑπερμεγέθεις
459 1945 594 2011 ἄνωθεν
621 1943 756 2030 πέτρας,
786 1943 847 2021 ἕως
873 1943 940 2010 ὑπὸ
967 1948 1120 2029 πλήθους
1148 1956 1217 2010 τῶν
1226 1960 1288 2010 νινε

194 2053 228 2132 ἐξ
255 2052 407 2129 ἐναντίας
434 2052 650 2135 βαλλομένων
672 2051 728 2116 καί
751 2051 876 2137 βάρους
898 2062 966 2118 τῶν
988 2053 1124 2118 ἄνωθεν
1146 2049 1217 2117 έπι-

193 2158 485 2246 καταραττομένων
515 2159 716 2244 διέφθειραν
748 2158 860 2224 αὑτόν.
912 2160 1049 2236 Σίκκιος
1080 2159 1142 2241 μὲν
1173 2160 1216 2244 δὴ

193 2268 346 2352 τοιαύτης
368 2277 599 2353 καταστροφῆς
622 2263 745 2351 ίτνχεν.

149 2395 175 2436 ιο
265 2373 398 2439 XXVII.
425 2375 467 2439 Οἱ
493 2373 530 2438 δὲ
554 2372 812 2458 διαπραξάμενοι
839 2373 899 2438 τὸν
923 2374 1032 2457 (μόνον
1054 2369 1137 2456 ἧκον
1160 2370 1216 2438 ἐπὶ

193 2483 231 2547 τὸ
255 2481 480 2565 στρατόπεδον
503 2482 641 2564 ἄγοντες
663 2482 742 2556 τοὺς
764 2481 966 2564 τραυματίας
989 2479 1045 2545 καί
1073 2478 1216 2545 διέσπει-

195 2611 258 2672 ραν
286 2589 397 2670 λόγον,
425 2587 470 2663 ὡς
496 2585 669 2672 ἐπιφανείς
697 2586 810 2663 αὐτοῖς
837 2587 1004 2668 πολεμίων
1032 2588 1129 2671 λόχος
1156 2589 1216 2652 τόν

194 2716 229 2759 τε
256 2695 396 2759 Σίκκιον
424 2689 629 2758 ἀποκτείνειε
656 2693 712 2758 καί
739 2695 817 2770 τοὺς
844 2694 966 2774 ἄλλους
993 2693 1133 2778 ἄνδρας,
1165 2685 1216 2770 οἷς
1266 2711 1269 2718 ’

194 2802 337 2886 πρώτοις
364 2797 529 2884 ἐνέτυχεν,
557 2799 655 2866 αύτοί
677 2823 712 2864 τε
735 2802 842 2865 πολλὰ
864 2801 1034 2886 τραύματα
1058 2802 1216 2883 λαβόντες

266 2975 467 3036 2κάκεῖνος“
451 2995 488 3036 ως
506 2993 536 3028 1n
550 2975 665 3042 lacuna
681 2975 745 3028 εδδ.
762 2977 805 3030 Le
826 2976 829 3047 λ
851 2971 937 3030 αὑτὸν
952 2975 973 3028 L
1024 2971 1109 3030 3τὸν
1128 2973 1214 3030 ἵππον

195 3047 248 3102 del.
268 3046 392 3101 Reudler
410 3045 466 3100 Tir
485 3063 512 3114 p.
528 3053 562 3101 66
639 3053 656 3100 4
684 3047 750 3109 στὰς
773 3044 869 3101 ἐπὶ
841 3067 891 3102 τον
915 3045 1045 3136 όχθηΗ
1029 3066 1078 3100 ινα
1103 3046 1139 3116 μὴ
1165 3067 1215 3100 κν-

194 3116 317 3185 κλωθείη
336 3119 408 3172 Lin
426 3117 489 3184 Ιεο,
508 3118 572 3171 add.
590 3117 633 3172 Le
697 3118 791 3188 θύμα
808 3120 917 3172 πολλῶν
936 3115 981 3171 ἐπ’
998 3114 1085 3172 αὑτὸν
1104 3117 1215 3172 Ιιπάν-

194 3209 250 3244 των
263 3192 371 3244 πολλῶν
386 3187 504 3244 όντωνέ
504 3209 525 3242 π
527 3187 635 3245 ἀὑτὸν
649 3189 705 3243 MV
747 3187 938 3243 λάποκτείνει
951 3187 1035 3258 μὲν
1016 3209 1075 3258 αμα
1088 3189 1152 3256 περὶ
1167 3189 1215 3242 LV

196 3265 229 3314 10
249 3259 358 3330 ἄμαχόν
371 3281 398 3314 τι
413 3261 435 3315 0
450 3263 563 3330 praeter
576 3260 624 3314 LV
675 3261 740 3316 14*
745 3257 948 3328 προσελθόντες
966 3259 997 3313 ἐκ
1015 3269 1071 3315 τῶν
1089 3257 1214 3330 πλαγίων

195 3340 250 3387 τῶν
273 3330 411 3400 όχθωνΟ
437 3329 673 3399 περιελθόντες-
681 3331 730 3388 τόν
756 3331 846 3402 δχθον
872 3331 975 3386 Reiske
999 3341 1049 3386 τού
1076 3329 1167 3401 ὄχθον
1190 3348 1213 3386 ο

196 3401 367 3472 Grasberger
380 3403 455 3457 Τεεε
468 3403 583 3473 Herbip
599 3422 626 3473 p.
638 3405 775 3470 36;·idem
790 3403 1006 3470 Phi101.28,346
1020 3401 1086 3476 xp&
1103 3407 1213 3475 θωεο

196 3481 228 3527 21
249 3470 409 3541 διέσπειραν
425 3473 447 3527 Ο
463 3472 621 3544 διέσπειρον
636 3475 758 3545 Sbeurg
815 3481 849 3528 24
868 3446 995 3544 ίνέτὺχεν
1009 3474 1031 3527 L
1041 3460 1076 3528 ἐν
1077 3421 1214 3545 ίττυχονὲΒ.
