2656 3932
573 213 729 264 -Ι-
1094 209 1157 274 107

141 341 285 423 ίσότιμοί
300 361 335 405 τε
351 339 471 416 πάντες
498 334 636 403 ἔσεσθαι
658 336 714 401 καί
735 336 798 420 την
820 335 926 420 αὐτην
949 332 1035 413 ἕξειν
1057 333 1160 400 δυνα-

140 448 263 530 στείαν,
291 449 415 531 βουλῆς
442 445 504 528 μέν
533 445 554 530 ἢ
585 445 692 529 δήμου
721 443 912 527 ψηφίσμασι
935 442 1082 519 σπανίως
1104 441 1160 506 καὶ

57 572 130 622 2150
140 555 187 632 εἰς
215 552 299 618 αὐτά
325 551 508 636 τάναγκαία
534 552 713 638 χρώμενοι,
742 551 783 615 τά
806 549 844 614 δέ
866 546 1081 615 πλείσταίπλ
1103 558 1161 632 της
1270 581 1273 589 ·

140 659 269 726 ἑαυτῶν
296 657 448 737 ἐξουσίας
474 667 658 736 ποιοῦντες.
677 681 683 726 1
698 655 864 741 ’ἐνστάσης
888 655 926 723 δὲ
948 665 1006 741 της
1028 653 1160 739 ἡμέρας,
1179 659 1200 724 3

140 766 178 833 ἐν
206 759 229 857 ᾗ
259 769 465 852 παραλαβείν
494 766 618 842 αὐτοὺς
646 761 715 830 ἔδει
743 765 805 849 τὴν
832 763 948 850 άρηην,
975 771 1045 839 τοῖς
1066 769 1161 840 θεοῖς
1186 785 1199 827 ι

140 873 373 960 προθύσαντες
387 873 408 938 δ
425 875 528 956 νόμος
538 909 581 920 -
593 867 687 958 1ἱεράν
696 871 735 938 δὲ
743 871 868 956 ταύτην
882 869 1002 956 άγουσι
1011 867 1162 952 Ῥωμαῖοι

140 982 202 1065 την
223 978 351 1066 ἡμέραν
372 981 428 1046 καὶ
450 981 575 1057 παντὸς
597 978 739 1062 μάλιστα
761 977 953 1044 όττεύονται
972 975 1046 1062 μήτ’
1058 975 1162 1042 ,άκοῦ-

140 1104 197 1153 σαι
218 1087 324 1172 μηδὲν
346 1085 445 1172 άηδδς
467 1085 506 1153 έν
537 1086 622 1172 αὐτῇ
644 1083 718 1170 μήτ’
745 1085 832 1150 ίδείν
848 1083 1025 1151 -ἕωθεν
1056 1083 1162 1161 εὐθὺς

140 1191 279 1284 ἐξῄεσαν
306 1195 339 1260 ολ
366 1193 447 1260 δέκα
473 1195 514 1260 τά
536 1191 715 1279 παράσημα
736 1201 794 1276 τῆς
817 1190 989 1276 βασιλικῆς
1010 1188 1162 1270 ἐξουσίας

140 1302 283 1379 άπαντες
312 1299 520 1385 ἐπαγόμενοι.
565 1299 584 1365 ὁ
614 1298 653 1364 δέ
682 1299 785 1384 δημος
814 1298 859 1376 ὡς
886 1294 1013 1381 ἔμαθεν
1040 1274 1207 1403 αύτοὺςὲ,

141 1407 252 1474 οὐκέτι
282 1407 510 1493 φυλάττοντας
541 1407 580 1472 τὸ
608 1403 788 1490 δημοτικὸν
814 1404 922 1473 έκεῖνο
949 1405 1005 1472 καλ
1027 1405 1162 1489 μέτριον

140 1525 248 1600 σχῆμα
266 1523 324 1598 της
340 1515 518 1598 ἡγεμονίας
538 1513 619 1579 οὐδὲ
637 1512 910 1597 διαμειβομένους
927 1514 968 1580 τά
986 1512 1162 1598 παράσημα

140 1631 198 1705 της
230 1623 403 1705 βασιλικῆς
434 1620 537 1708 ἀρχῆς
568 1620 613 1697 ὡς
643 1621 818 1706 πρότερον,
847 1621 896 1699 είς
922 1621 1050 1704 πολλὴν
1077 1616 1162 1704 ἦλθε

142 1728 337 1810 δυσθυμίαν
365 1727 422 1793 καί
450 1730 641 1812 κατήφειαν.
687 1725 837 1812 ἐφόβουν
863 1727 900 1794 θ’
917 1729 951 1794 ολ
976 1729 1201 1814 προσηρτη-5

141 1833 236 1918 μένοι
262 1844 333 1913 ταίς
363 1833 498 1917 δέσμαις
524 1845 592 1900 τῶν
615 1834 750 1922 ῥάβδων
772 1833 933 1919 πελέκεις,
957 1833 1025 1912 οὓς,
1039 1831 1163 1921 ἔφερον
1181 1858 1207 1898 ιι

142 1944 175 2008 ολ
206 1941 451 2028 προηγούμενοι
482 1951 550 2008 τῶν
579 1941 715 2028 ἀνδρῶν
743 1939 883 2008 ἑκάστου
914 1942 1043 2007 δώδεκα
1069 1941 1163 2020 όντες

60 2067 129 2117 εισι
141 2048 398 2127 ἀναστέλλοντες
426 2047 463 2116 ἐκ
491 2059 561 2116 τῶν
590 2059 774 2114 στενωπῶνΥ
796 2053 937 2133 πληγαίς
964 2049 1024 2114 τὸν
1051 2049 1162 2134 ὄχλον,

141 2156 238 2222 δκαλ
267 2155 412 2223 ἐπὶτῶν
434 2154 600 2240 βασιλέοιν
622 2153 753 2239 ἐγένετο
776 2157 949 2240 πρότερον.
994 2155 1162 2240 κατελύθη

140 2265 204 2350 γάρ
227 2264 334 2341 εὐθὺς
356 2265 394 2329 τὸ
415 2260 496 2340 ἔθος
512 2270 612 2328 τοῦτο
630 2262 711 2343 μετά
728 2263 791 2346 την
804 2259 946 2346 ἐκβολὴν
959 2270 1027 2326 τῶν
1040 2262 1163 2346 μονάρ·

141 2395 210 2456 χων
242 2367 300 2435 ὑπ’
325 2368 450 2455 ἀνδρὸς
481 2370 661 2454 δημοτικοῦ
691 2370 847 2434 Ποπλίου
882 2367 1068 2454 Οὐαλερίου
1101 2371 1163 2454 τὴν
1181 2391 1207 2432 ιο

141 2476 279 2544 ἐκείνων
315 2475 470 2554 ἐξουσίαν
506 2476 763 2559 μεταλαβόντος,
802 2467 830 2564 ᾧ
865 2474 987 2553 πάντες
1022 2477 1056 2542 ολ
1090 2475 1159 2560 μετ’

141 2583 272 2650 ἐκεῖνον
306 2582 429 2648 ὕπατοι
463 2587 568 2648 καλοῦ
603 2582 794 2668 πράγματος
830 2580 965 2662 δόξαντι
996 2580 1091 2670 άρξαι
1122 2585 1163 2649 τὰ

142 2691 239 2774 ὅμοια
275 2686 478 2777 πράττοντες
512 2688 623 2756 οὐκέτι
657 2699 730 2766 ταῖς
761 2687 897 2773 δέσμαις
917 2689 996 2758 τῶν
1028 2690 1164 2778 ῥάβδων

140 2801 339 2884 προσήρτων
368 2800 447 2875 τοὺς
472 2795 632 2880 πελέκεις,
662 2797 713 2864 ὅτι
740 2798 784 2882 μὴ
807 2799 890 2864 κατά
911 2799 970 2875 τάς
993 2799 1163 2883 στρατείας

12 2901 16 2908 ’
141 2905 197 2971 καλ
225 2907 284 2983 τάς
313 2905 414 2982 άλλας
443 2902 592 2982 ἐξόδους,
608 2906 667 2982 τὰς
696 2903 733 2970 έν
755 2909 814 2990 τῆς
836 2906 971 2982 πόλεως.
1017 2878 1207 3008 πόλεμονξ).5

142 3009 173 3078 δ’
191 3010 363 3096 ἐξάγοντες
385 3011 566 3099 ὑπερόριον
588 3011 608 3096 ἢ
631 3023 699 3077 τῶν
721 3010 879 3096 ὑπηκόων
896 3010 1071 3097 πράγματα
1093 3009 1162 3077 ἑπι-

142 3121 350 3203 σκεψόμενοι,
372 3121 446 3185 τότε
468 3119 523 3184 καί
546 3121 626 3195 τοὺς
647 3117 794 3196 πελέκεις
816 3127 887 3197 ταῖς
906 3117 1043 3204 ῥάβδοις
1061 3135 1162 3205 προσ-

216 3336 230 3384 1
250 3327 391 3400 ἰσοτίμους
412 3349 441 3385 τε
466 3330 594 3392 ἅπαντας
612 3329 658 3384 Bb
682 3325 802 3398 ἰσότιμοι
819 3348 849 3384 τε
867 3328 989 3392 ἅπαντας
1006 3329 1032 3382 R
1055 3330 1162 3384 correxi

144 3408 158 3457 7
178 3401 281 3464 πάντες
298 3401 345 3456 Ba
399 3407 433 3456 18
452 3402 501 3456 καλ
520 3399 611 3456 om.B
635 3401 638 3474 Ι
662 3397 825 3474 έγ<ί>νετο
844 3399 891 3454 Bb
947 3405 980 3454 26
999 3397 1162 3456 ἐπισκεπτό-

141 3492 222 3544 μενοι
240 3471 262 3527 0
281 3473 434 3542 praeterB
