2662 3920
176 199 218 263 10
607 199 762 250 -Ι-

246 321 301 388 VI.
328 321 362 387 Ὁ
385 323 446 405 μὲν
470 317 533 388 οὖν
556 323 659 406 δημος
680 323 778 407 ἥδετο
802 323 891 388 πάνυ
913 331 983 400 τοῖς
1007 323 1119 407 λόγοις
1140 323 1201 388 καί

174 431 368 515 χαρίζεσθαι
390 430 428 494 τὸ
451 429 623 516 μειράκιον
645 441 691 517 τῷ
714 429 814 516 πατρί
837 431 1013 516 πρόθυμος
1030 425 1081 514 ἦν.
1121 429 1201 496 ὅδὲ

178 536 375 621 Οὐεργίνιος
398 536 498 622 ὁρῶν,
520 537 573 602 ὅτι
595 538 639 621 μὴ
663 537 782 613 δόντος
802 535 932 603 ἐκείνου
953 537 1051 622 δίκην
1070 536 1200 623 άφόρη-
1211 551 1287 600 1995

174 667 234 708 τον
257 640 350 709 ἔσται
375 645 456 724 (τὸ)
482 643 610 730 θράσος
637 655 706 709 τῶν
733 643 896 710 αὐθαδῶν
923 646 1113 729 μειρακίων,
1138 644 1199 710 άν-

135 716 304 844 Ξίσταται
330 752 389 817 καί
414 766 532 836 φησιν·
571 749 636 816 Σοί
662 749 735 833 μέν,
765 745 790 815 ὦ
820 752 972 834 Κοίντιε,
1001 751 1023 834 ἥ
1050 774 1085 816 τε
1112 752 1198 837 άλλη

174 867 388 944 μαρτυρεῖται
417 866 507 922 πᾶσα
536 857 635 942 ιἰρετη
662 857 718 922 καλ
740 858 761 940 ἡ
784 857 868 942 πρὸς
894 859 974 936 τοὺς
997 859 1198 943 δημοτικοὺς

175 965 305 1047 εὔνοια,
328 960 407 1030 ἀνθ’
430 958 479 1029 ὧν
501 965 539 1030 τὸ
562 966 726 1046 τιμᾶσθαί
746 979 801 1029 σοι
823 963 991 1050 πάρεστιν.
1029 966 1112 1049 η’δὲ
1135 975 1197 1032 τοῦ

173 1074 346 1157 μειρακίου
378 1071 525 1156 βαρύτης
555 1071 612 1136 καὶ
639 1072 660 1155 ἡ
689 1073 772 1158 πρὸς
805 1072 952 1150 ἅπαντας
981 1072 1067 1156 ἡμᾶς
1095 1073 1197 1158 ὑπερ-

173 1181 302 1264 ηφανία
324 1180 524 1264 παραίτησιν
546 1178 567 1262 ἢ
591 1179 793 1264 συγγνώμην
816 1179 977 1262 οὐδεμίαν
1000 1177 1195 1265 ἐπιδέχεται·

130 1307 156 1346 ιο
174 1285 265 1362 ὅστις
286 1285 353 1351 ὑπὸ
377 1294 446 1363 τοῖς
469 1294 541 1364 σοῖς
562 1286 663 1368 ἤθεσι
685 1285 824 1372 τραφεὶς
846 1285 951 1363 οὕτως
969 1281 1046 1353 οὖσι
1064 1286 1197 1371 δημοτι-
1305 1361 1306 1370 ¹

173 1401 246 1470 κοῖς
276 1393 332 1458 καλ
363 1395 523 1477 μετρίοις,
556 1393 601 1470 ὡς
630 1392 773 1470 άπαντες
803 1393 909 1478 ἴσμεν,
938 1405 1006 1460 τῶν
1036 1393 1098 1476 μὲν
1127 1403 1197 1460 σῶν

174 1499 351 1585 ὑπερεῖδεν
382 1497 661 1584 ἐπιτηδευμάτων,
697 1501 902 1584 τυραννικὴν
939 1499 977 1566 δὲ
1011 1500 1197 1566 αὐθάδειαν

173 1607 230 1672 καὶ
252 1607 432 1692 βαρβάρων
454 1605 646 1692 ἀνθρώπων
663 1605 766 1692 ὕβριν
783 1607 948 1691 ἠγάπησε,
965 1607 1021 1672 καὶ
1039 1617 1197 1692 πονηρῶν

134 1717 155 1780 3
174 1710 283 1797 ἔργον
312 1716 411 1798 ζῆλον
441 1714 488 1791 εἰς
511 1715 573 1798 τὴν
595 1715 695 1779 πόλιν
717 1714 811 1798 ημῶν
834 1714 1036 1798 είσαγήοχεν.
1083 1715 1113 1778 εί
1135 1713 1197 1796 μὲν

130 1843 155 1884 ιε
174 1815 238 1885 οὖν
268 1819 437 1886 ἑλάνθανέ
465 1837 501 1886 σε
529 1830 680 1898 τοιοῦτος
703 1822 762 1904 ὤν,
789 1829 855 1886 νῦν
878 1817 925 1886 ὅτ’
948 1817 1095 1904 ἔγνωκας
1117 1819 1196 1904 ἀγα-

173 1936 306 1993 νακτεῖν
327 1927 412 2014 ὑπὲρ
435 1928 529 2012 ἡμῶν
553 1929 681 2006 δίκαιος
703 1927 746 1994 δν
769 1927 850 2012 εἴης·
874 1929 905 1994 εί
927 1927 965 1994 δὲ
988 1924 1144 2017 συνῄδεις
1162 1950 1197 1992 τε

173 2035 229 2100 καὶ
259 2034 482 2120 συνέπραττες
512 2028 563 2113 οἷς
591 2035 829 2120 προεπηλάκιζε
858 2035 920 2119 τὴν
949 2046 1017 2100 τῶν
1045 2039 1197 2119 πενήτων

174 2147 320 2210 πολιτῶν
349 2142 464 2228 τύχην,
494 2144 641 2228 πονηρὸς
671 2144 736 2228 άρα
764 2142 820 2207 καῖ
847 2141 947 2219 αὐτὸς
968 2137 1076 2225 ἦσθα,
1098 2141 1196 2224 καὶὴ

173 2260 231 2334 τῆς
260 2249 508 2334 καλοκάγαθίας
538 2247 619 2328 δόξα
646 2249 708 2315 οὐκ
731 2248 768 2315 ἐκ
789 2257 850 2314 τοῦ
874 2250 1005 2315 δικαίου
1029 2265 1083 2314 σοι
1106 2269 1197 2334 περι

129 2379 155 2418 ιο
173 2355 321 2440 γέγονεν.
369 2356 452 2422 ἀλλὰ
481 2359 545 2442 γάρ
576 2357 627 2422 ὅτι
655 2357 788 2440 ἠγνόεις
818 2357 922 2421 αὐτὸν
950 2355 1012 2421 οὐκ
1035 2357 1116 2421 ὄντα
1139 2365 1197 2440 τῆς

174 2472 235 2546 σῆς
257 2462 375 2548 ἀρετῆς
398 2461 503 2546 ἄξιον,
521 2462 586 2547 ἐγώ
610 2479 664 2528 σοι
686 2461 777 2528 τοῦτ’
800 2459 863 2548 ἔχω
887 2472 1077 2548 μαρτυρεῖν.
1114 2461 1194 2528 ἄπο·
1204 2479 1275 2528 1997

174 2569 266 2634 λύων
296 2569 336 2634 δέ
364 2585 401 2634 σε
430 2578 491 2634 τοῦ
519 2572 593 2635 τότε
621 2570 815 2636 συναδικεῖν
837 2570 922 2654 ἡμᾶς
944 2569 1114 2656 μέμφομαι
1136 2579 1196 2636 τοῦ
1224 2551 1235 2576 ⁸

133 2679 240 2742 4νῦν
270 2677 352 2760 ἡμῖν
383 2677 426 2760 μη
460 2686 732 2761 συναγανακτεῖν.
779 2677 835 2742 ἵνα
862 2677 900 2742 δὲ
926 2682 1054 2758 μᾶλλον
1075 2677 1196 2767 μάθης,

173 2784 291 2867 ἡλίκον
319 2784 383 2868 ἄρα
409 2792 450 2869 τῇ
476 2786 571 2849 πόλει
593 2785 696 2849 κακὸν
719 2781 907 2869 ἐπιτρέφων
931 2782 1129 2866 ἐλάνθανες,
1153 2784 1197 2860 ὡς

129 2913 155 2952 τε
174 2890 266 2973 ὠμὸν
288 2891 344 2956 καὶ
366 2893 569 2976 τυραννικὸν
590 2892 646 2956 καὶ
669 2891 749 2956 οὐδὲ
773 2893 882 2976 φόνου
901 2895 1073 2956 πολιτικοῦ
1092 2897 1196 2956 καθα·

176 3000 247 3083 ρόν,
277 2999 424 3063 άκουσον
456 2998 560 3064 αὐτοῦ
591 3001 767 3085 φιλότιμον
797 2995 898 3084 ἔργον
925 2997 981 3062 καλ
1004 2995 1196 3082 ἀντιπαρεξ-

246 3135 313 3194 4τὸ
333 3138 398 3194 εδδ.
417 3138 561 3209 Kiessling
621 3137 749 3194 ὁκόιντε
768 3137 821 3192 ΑΒ
884 3137 1052 3206 ῖπάρεστιν
1072 3136 1094 3193 Ο
1118 3135 1195 3204 περί-

174 3227 249 3264 εστιν
267 3209 371 3264 Βείελιε
436 3216 469 3264 14
488 3209 577 3280 ἔργον
596 3211 676 3266 dees&
694 3211 724 3264 in
743 3210 810 3264 edit.
830 3211 918 3264 Paris.
985 3217 1018 3264 15
1037 3217 1089 3264 νῖν
1108 3207 1135 3278 γ’
1152 3205 1195 3262 δτι

175 3298 198 3336 ο.
217 3281 361 3351 Kiessling
414 3287 447 3336 16
466 3280 533 3352 μεθ’
549 3284 627 3351 υμῶν
646 3299 669 3336 ο.
689 3282 790 3336 Portus
811 3281 815 3350 1
837 3279 975 3409 δίκαιὲος
993 3278 1029 3336 δν
1048 3280 1128 3370 alm>
1148 3279 1194 3333 Bb

174 3353 205 3406 in
227 3369 281 3408 ras.
345 3372 374 3407 τε
398 3353 494 3408 om.B
568 3358 602 3408 20
628 3352 698 3407 ἀλλὰ
723 3351 776 3422 γὰρ
803 3353 846 3408 ὅτι
868 3353 921 3422 ἠγν
939 3371 979 3414 εις
999 3355 1024 3406 Α
1050 3353 1119 3406 ἀλλα
1142 3349 1194 3421 γάρ

175 3421 286 3493 ἠγνόεις
386 3430 420 3478 24
439 3422 596 3493 ἐπιτρέφων
615 3423 638 3480 Ο
661 3421 828 3494 ὑποτρέμων
848 3423 1008 3492 Stephanus
1028 3423 1062 3478 ef.
1077 3423 1129 3477 VII
1144 3428 1194 3488 9,1

176 3497 287 3566 (1414)
305 3495 356 3549 ubi
374 3493 577 3564 διατρέφεσθαι
595 3495 764 3550 mutandum
782 3513 839 3551 non
858 3497 920 3550 erat
