2654 3916
578 162 747 212 -Κ-
1108 159 1174 225 335

152 267 211 354 ἀπ’
229 283 422 380 ἀνθρώπων
444 283 653 369 κομιζομένη·
679 285 700 368 ῆ
729 283 767 350 δὲ
794 285 931 368 πλείστη
958 284 1014 350 καί
1036 284 1174 369 πιοτάτη

153 403 398 478 πιττουργελται
424 393 478 459 καί
507 391 643 479 παρέχει
669 402 786 457 πασῶν
809 385 857 456 ών
881 391 976 474 ἴσμεν
1000 392 1094 476 ῆμείς
1121 392 1175 457 εὐ-

154 501 342 585 ωδεστάτην
360 523 395 566 τε
413 500 469 566 καί
487 499 697 585 γλυκυτάτην
711 500 772 584 τῆν
790 498 999 583 καλουμένην
1013 500 1175 584 Βρεττίαν

152 611 285 674 πίτταν·
313 603 371 693 ἀφ’
393 603 433 692 ῆς
459 607 603 692 μεγάλας
630 606 648 672 ὁ
676 616 745 673 τῶν
768 602 935 688 Ῥωμαίων
962 605 1065 690 δῆμος
1091 606 1172 672 καθ’

96 709 98 714 ’
153 715 293 782 ἕκαστον
321 713 477 790 ἐνιαυτὸν
500 712 537 781 έκ
563 725 631 781 τῶν
657 713 858 797 μισθώσεων
885 712 1046 796 λαμβάνει
1072 727 1176 799 προσ·
1208 731 1221 772 ι

153 822 262 899 όώους.
307 822 417 888 Ανιάν.
832 910 835 914 ,

224 926 311 995 XVL
335 929 403 1014 (20,
424 927 459 1015 λ)
481 927 631 1013 Ἐγένετο
659 925 800 1012 δευτέρα
826 923 1047 1005 ἐπανάστασις
1074 923 1112 992 έν
1134 935 1174 1013 τῆ

152 1037 247 1102 πόλει
275 1046 344 1102 τῶν
369 1033 529 1120 Ἱηγίνων
557 1034 624 1100 ὑπὸ
654 1043 713 1118 τῆς
741 1036 1021 1119 καταλειφθείσης
1052 1029 1176 1100 αὐτόθι

147 1139 333 1227 Ῥωμαικῆς
368 1143 425 1208 καί
461 1151 667 1227 συμμαχικῆς
703 1149 870 1228 φρουρᾶς,
905 1140 962 1206 καὶ
997 1140 1044 1205 δι’
1070 1140 1176 1226 αὐτην

37 1293 42 1307 ·
152 1250 282 1332 σφαγαί
315 1271 350 1313 τε
387 1252 522 1314 πολλῶν
554 1244 747 1333 ἀνθρώπων
778 1248 834 1314 καί
866 1249 982 1334 φυγαί.
1036 1247 1177 1324 τούτους
1195 1268 1222 1309 ιο

151 1351 419 1440 τιμωρησόμενος
447 1358 527 1432 τοὺς
559 1353 766 1433 ἀποστάντας
795 1355 912 1440 ἅτερος
943 1365 1010 1420 τῶν
1039 1353 1176 1419 ὑπάτων

153 1462 253 1540 Γάιος
282 1462 443 1540 Γενύκιος
473 1460 610 1547 ἐξήγαγε
638 1463 701 1546 τῆν
729 1461 900 1545 στρατιάν·
929 1457 1109 1546 γενόμενος
1138 1459 1176 1526 δὲ

151 1579 209 1653 τῆς
239 1569 365 1648 πόλεως
395 1567 555 1654 ἐγκρατὴς
578 1566 738 1654 Ῥηγίνων
766 1569 829 1652 μὲν
857 1579 929 1647 τοῖς
958 1568 1085 1654 φυγάσι
1115 1566 1176 1633 ἀπ-

153 1675 254 1742 έδωκε
277 1677 317 1742 τὰ
340 1675 469 1742 έαυτῶν
492 1673 590 1763 ἔχειν,
612 1679 692 1754 τοὺς
714 1676 753 1742 δὲ
775 1674 996 1760 ἐπιθεμένους
1017 1684 1058 1762 τῆ
1081 1675 1176 1741 πόλει

152 1784 330 1867 συλλαβὼν
353 1784 511 1867 δεσμίους
538 1785 586 1862 εἰς
604 1781 730 1869 Ῥώμην
758 1779 943 1869 ἀπήγαγεν·
970 1781 1023 1868 ἐφ’
1041 1774 1092 1859 οἷς
1119 1781 1176 1847 οὔ·
1195 1801 1220 1842 ιι
1323 1865 1324 1872 ¹

150 1912 215 1968 τως
233 1890 386 1977 ὠργίσθη
405 1891 461 1957 καί
478 1890 708 1976 ἠγανάκτησεν
725 1891 747 1974 ῆ
766 1911 801 1954 τε
819 1891 925 1974 βουλὴ
945 1889 1037 1956 καὶὸ
1062 1889 1176 1974 ἀῆμος,

151 1997 234 2063 ώστε
262 1998 426 2084 μηδεμίαν
448 1999 586 2084 γνώμην
609 1996 734 2080 ἐπιεικῆ
764 1995 923 2080 γενέσθαι
949 1996 1026 2081 περὶ
1053 1995 1176 2080 αὐτῶν,

152 2103 235 2168 ἀλλὰ
258 2104 379 2182 πάσαις
401 2115 473 2180 ταῖς
495 2108 620 2189 φυλαῖς
642 2102 799 2168 ἁπάντων
817 2113 885 2168 τῶν
903 2100 941 2168 έν
961 2111 1033 2178 ταῖς
1056 2103 1176 2178 αἰτίαις

151 2209 211 2274 τὸν
239 2206 294 2274 ἐπὶ
320 2219 391 2286 τοῖς
417 2219 618 2294 κακουργολς
644 2208 846 2294 τεταγμένον
872 2209 939 2275 ὑπὸ
966 2220 1035 2275 τῶν
1061 2205 1176 2292 νόμων

151 2322 450 2400 καταψηφισθῆναι
481 2316 642 2382 θάνατον,
696 2313 747 2404 (8)
780 2315 1007 2403 Κυρωθέντος
1043 2315 1081 2382 δὲ
1114 2288 1221 2418 τοῦὲ0

152 2422 229 2508 περί
251 2433 309 2508 τῆς
331 2425 489 2511 τιμωρίας
512 2423 676 2507 δόγματος
698 2423 860 2490 πάτταλοί
881 2446 916 2489 τε
943 2423 1175 2509 κατεπάγησαν

152 2528 189 2596 ἐν
208 2535 292 2616 <τῆ>
313 2526 430 2619 ἀγορᾷ,
453 2529 509 2596 καί
531 2527 759 2616 παραγόμενοι
780 2532 863 2596 κατά
883 2532 1094 2617 τριακοσίους
1117 2531 1175 2596 ἀν-

152 2637 249 2723 δρας,
279 2636 494 2724 περιηγμένον
520 2639 599 2714 τοὺς
629 2633 781 2722 ἀγκῶνας
811 2637 917 2704 ὀπίσω
946 2638 1175 2723 προσεόοῦντο

151 2754 221 2821 τοῖς
253 2745 430 2822 παττάλοις
463 2745 598 2828 γυμνοί·
635 2741 747 2809 ἔπειτα
783 2743 934 2827 μάστιξιν
966 2744 1175 2822 αἰκισθέντες

153 2849 309 2918 ἁπάντων
337 2850 494 2938 ὁρώντων
518 2847 744 2917 ἀπεκόπτοντο
773 2863 818 2938 τῷ
846 2850 975 2918 πελέκει
1001 2854 1080 2928 τοὺς
1107 2849 1174 2918 ὑπὸ
1193 2868 1219 2910 ²⁶

224 2993 240 3041 Β
268 2988 464 3113 γλυιιυτάτηυφι
486 2987 685 3060 γλισχροτάτην
717 3003 740 3043 c.
769 2989 856 3043 stulte
888 2989 961 3044 Smit
992 2987 1058 3044 Obs.
1086 3006 1113 3059 p.
1140 2994 1174 3044 64

152 3059 417 3130 8καταληφθείσης
465 3061 535 3118 mbr.
555 3078 624 3115 corr.
644 3060 737 3114 Maius
810 3065 844 3114 10
868 3058 975 3130 σφαγαί
992 3080 1021 3115 τε
1039 3060 1093 3127 καί,
1107 3063 1174 3114 πολ·

152 3133 207 3184 λῶν
225 3129 321 3185 Ambr.
336 3149 405 3186 corr.
420 3133 513 3186 Maius
571 3137 603 3186 11
622 3132 688 3194 τοὺς
706 3131 868 3187 ἀποστάντα
886 3130 982 3186 Ambr.
997 3148 1066 3186 corr.
1080 3131 1174 3186 Maius

153 3206 187 3255 18
204 3201 253 3256 διὰ
266 3200 380 3258 πάντων
395 3203 491 3258 Ambr.
506 3203 541 3274 δὴ
556 3201 690 3258 ἁπάντων
709 3220 732 3258 ο.
748 3202 846 3258 Struve
861 3202 932 3258 falso
947 3203 982 3258 cf.
997 3204 1061 3257 Aar.
1076 3203 1173 3273 Progr.

152 3289 179 3340 p.
199 3277 279 3337 2⁰⁸·3
298 3274 367 3341 quid
386 3275 441 3329 sibi
459 3275 520 3330 vult
542 3273 675 3330 hocloco
693 3291 747 3330 vox
766 3273 819 3345 σήν
842 3291 895 3345 ego
914 3273 1047 3330 ἁπάντων
1065 3274 1096 3329 in
1113 3276 1174 3329 tex-

151 3344 327 3469 ffimoeffii
398 3352 432 3400 22
451 3351 485 3419 τῆ
503 3346 568 3400 add.
589 3346 688 3401 Struvo
711 3347 714 3420 1
739 3343 969 3418 ααραγαγόμενοι
986 3345 1081 3403 Ambr.
1100 3348 1174 3403 teste

225 3431 287 3470 rose
308 3432 336 3470 10
