2654 3916
160 198 226 264 322
588 201 756 252 -Κ-

159 346 239 402 τους
275 326 365 411 παρὰ
396 328 533 403 πολλοῖς
565 323 655 409 δρῶν
686 325 759 389 κατ’
784 323 887 410 ἀρχάς
917 323 979 407 μὲν
1011 323 1183 412 ἐμακάριζε

159 433 239 509 τοὺς
266 428 438 516 Ῥηγίνους
468 440 526 515 τής
557 430 786 516 εὐδαιμονίας,
823 427 933 497 ἔπειθ’
958 431 1003 510 ὡς
1034 429 1183 511 ἀναξίοις

159 536 317 623 ἐφθόνει,
346 542 510 603 τελευτῶν
539 536 570 602 δ’
594 537 640 614 ὡς
668 539 838 621 πολεμίοις
867 535 1097 622 ἐπιβουλεύειν
1123 541 1183 625 ήρ-

119 645 141 709 4
160 643 246 722 ξατο.
291 645 347 710 καί
374 643 576 730 προσλαβὼν
597 645 764 710 κοινωνὸν
785 655 853 711 τῶν
881 644 1080 732 ἀπορρήτων
1102 649 1182 729 βου-

129 751 332 836 ιλευμάτων
349 752 410 817 τὸν
427 750 629 838 γραμματέα,
651 759 847 838 πανοῦργον
868 752 976 838 άνδρα
997 753 1054 819 καλ
1077 752 1182 838 πάσης

159 859 322 944 πονηρίας
351 857 580 944 ἀρχιτέκτονα,
611 859 696 944 πρὸς
726 858 831 926 αὐτοῦ
860 859 987 938 πάντας
1012 857 1183 945 Ῥηγίνους

160 964 352 1032 ἀποκτεῖναι
374 965 430 1031 καλ
452 965 515 1050 τήν
538 964 756 1048 εὐδαιμονίαν
778 966 890 1034 αὐτῶν
913 970 975 1054 τήν
997 967 1059 1051 μὲν
1082 963 1184 1045 αὐτὸς

158 1081 345 1158 κατασχεΜ,
372 1074 434 1157 τήν
457 1073 496 1138 δέ
517 1081 587 1150 τοῖς
612 1073 826 1159 στρατιώταις
853 1075 987 1159 διελεῖν,
1011 1072 1182 1159 λέγοντος,

158 1175 211 1245 ὅτι
233 1182 419 1265 Μεσσήνην
443 1177 544 1268 ὀλίγῳ
572 1181 737 1265 πρότερον
760 1170 852 1247 είλον
964 1180 1025 1266 ὑφ’
1043 1176 1084 1247 οὗ
1112 1202 1183 1247 πει-

114 1308 140 1348 ιο
158 1287 255 1364 σθελς
276 1286 332 1352 καλ
355 1283 416 1355 τὸν
434 1287 561 1373 τρόπον
578 1295 637 1372 τῆς
659 1284 892 1374 ἐπιχειρήσεως
909 1291 975 1354 σὺν
993 1287 1083 1374 αὐτῷ
1101 1290 1182 1371 βου-

158 1395 371 1479 λευσάμενος,
388 1397 469 1472 τοὺς
483 1393 713 1480 ταγματάρχας
728 1394 784 1460 καλ
801 1397 881 1472 τοὺς
899 1392 1182 1480 ἐπιφανεστάτους

157 1512 225 1568 τῶν
253 1511 463 1588 στρατιωτῶν
491 1502 538 1579 είς
567 1497 605 1566 τδ
639 1499 819 1587 συνέδριον
847 1500 1014 1568 ἐκάλεσεν·
1047 1500 1182 1586 δεηθείς

158 1609 196 1674 δὲ
228 1608 385 1674 ἁπάντων
417 1604 629 1692 ἀπορρήτους
661 1605 807 1694 φυλάξαι
837 1611 917 1686 τοὺς
953 1609 1076 1692 λόγους
1110 1609 1181 1674 κίν-

157 1715 265 1780 δυνον
288 1711 352 1799 ἔφη
380 1712 485 1797 μέγαν
508 1713 597 1800 αὐτῷ
625 1713 912 1800 ἐπικρεμασδήναι
939 1719 1064 1798 πολλῆς
1091 1713 1180 1780 πάνυ

113 1840 138 1882 ιι
157 1825 308 1905 φυλακῆς
329 1820 386 1886 ιιαλ
408 1821 539 1905 ταχείας
562 1820 735 1905 δεόμενον,
762 1821 807 1899 ὡς
832 1830 893 1887 τοῦ
920 1829 1039 1906 καιροῦ
1064 1821 1108 1905 μή
1132 1821 1181 1885 δι-

157 1927 276 2004 δόντος
307 1926 533 2014 άναστροφήν.
585 1927 818 2010 πεπυσμένους
849 1929 913 2013 γάρ
946 1929 1008 2012 τὴν
1037 1928 1180 2014 Πύρρον

156 2033 314 2118 διάβασιν
345 2037 425 2113 τοὺς
456 2032 740 2120 ἐπιφανεστάτους
767 2031 928 2120 Ἠγγίνων
958 2034 1073 2120 κρύφα
1110 2035 1181 2100 δια-

156 2141 346 2224 πέμπεσθαι
381 2143 466 2227 πρὸς
498 2141 602 2207 αὐτὸν
633 2140 922 2227 ὑπισχνουμένους
956 2139 1180 2227 κατασφάξειν

116 2248 218 2334 λιτήν
246 2249 401 2334 φρουράν
427 2248 483 2314 καί
510 2248 724 2334 παραδώσειν
751 2246 866 2337 ἐκείνη)
893 2250 956 2334 τήν
978 2250 1086 2314 πόλιν.
1132 2245 1180 2313 ἐτι

111 2377 138 2418 ιι
155 2364 259 2422 ταῦτα
282 2339 438 2439 λέγοντος
461 2355 565 2421 αὐτοῦ
588 2366 699 2440 πυρήν
721 2378 772 2433 τις
794 2353 988 2440 ἐγαάδετος,
1013 2355 1181 2442 αὐχμηρὸς

156 2463 201 2540 ὡς
228 2460 262 2540 ἐξ
290 2461 389 2546 ὁδοῦ,
417 2461 592 2547 γράμματα
618 2461 676 2528 ὑπ’
698 2462 803 2528 αὐτοῦ
830 2463 957 2528 Δεκίου
983 2479 1180 2528 κατεσκευα-

156 2568 261 2652 σμένα
283 2570 436 2654 κομίζων,
459 2569 504 2646 όις
526 2571 616 2655 παρά
638 2567 736 2648 ξένου
760 2569 802 2654 δή
825 2591 916 2646 τινος
940 2569 1045 2652 ἰδίου,
1068 2567 1106 2634 ἐν
1128 2559 1179 2645 οίς

227 2751 243 2798 2
263 2744 300 2807 ὡς
314 2741 411 2810 ἀξίους
424 2741 486 2800 Εεο.
502 2761 571 2799 corr.
586 2745 676 2800 Peder
725 2751 742 2798 4
760 2745 915 2806 κοινωνοὺς
928 2744 990 2799 Εεο,
1005 2759 1073 2796 corr.
1088 2741 1179 2797 Feder

155 2813 234 2870 θότι
252 2815 301 2870 καλ
320 2815 472 2885 Μεσσήνην
495 2832 519 2870 ο.
537 2815 640 2870 Miller
674 2816 678 2888 1
713 2813 796 2889 ὀλίγῳ
818 2813 966 2886 πρότειχον
989 2811 1039 2881 ὑφ’
1059 2808 1093 2866 οδ
1115 2812 1177 2869 Eue.

155 2885 238 2960 όλίγηο
256 2883 393 2955 πρότερον
416 2883 515 2958 [δμοίοι
533 2887 590 2942 τινλ
607 2884 702 2960 τρόπῳ
720 2885 925 2959 καταλαβόντες
943 2885 971 2942 ολ
988 2885 1177 2958 Μαμερτῖνοι]

154 2957 236 3029 ἔσχον
255 2975 279 3013 υ.
295 2957 398 3025 iader,
421 2959 471 3027 qui
493 2941 564 3013 λιεεο
585 2959 631 3013 vel
649 2959 754 3013 similia
773 2959 913 3028 quaedam
932 2956 1069 3012 excidisse
1087 2956 1178 3026 suspi-

155 3033 248 3097 eitun
274 3027 357 3102 όλίγηο
375 3027 511 3098 πρότερον
530 3027 605 3085 ελλον
623 3030 752 3092 πεισθείς
774 3047 797 3085 ο.
817 3029 931 3095 Miller,
950 3027 1011 3096 qui,
1031 3028 1056 3082 si
1074 3026 1126 3098 ὑφ’
1144 3022 1177 3102 οὗ

153 3104 230 3156 τεοῖο
253 3118 282 3156 ιε
306 3100 408 3168 habet,
435 3119 486 3171 pro
514 3097 585 3170 πρὸς
612 3101 699 3156 αὐτοῦ
726 3118 750 3155 v.
774 3107 789 3154 6
816 3100 968 3171 legendum
991 3115 1052 3154 esse
1074 3118 1178 3166 παραι-

154 3181 271 3235 νοῦντος
296 3173 383 3227 αὐτοῦ
408 3171 453 3227 vel
477 3172 536 3227 tale
562 3172 631 3242 quid
657 3171 825 3240 arbitratum
847 3171 933 3226 verba
956 3172 1089 3240 corrupta
1112 3172 1178 3224 sunt

155 3250 187 3298 11
203 3243 421 3314 γραμματάρχας
435 3243 496 3299 Εεο,
512 3260 580 3298 corr.
595 3244 698 3308 διδους
714 3244 748 3298 cf.
763 3243 839 3297 inira
852 3261 878 3311 p.
891 3247 951 3308 328,
963 3247 996 3296 10
1043 3249 1077 3296 14
1091 3241 1176 3313 αῖτῷ]

154 3315 251 3378 αὐτοῖς
269 3331 291 3369 ο.
308 3314 472 3369 dubitanter
489 3314 632 3385 Kiessling
657 3315 660 3388 ή
686 3311 913 3384 ἐπικρεμασδίνα
931 3313 993 3368 Εεο.
1013 3311 1177 3382 ἐπικρεμασ-

154 3390 245 3454 θῆναι
258 3385 360 3453 Pudor,
375 3402 438 3440 cum
452 3386 605 3455 participio
624 3383 866 3457 ἐπιτρεμασθίυτα
879 3383 959 3440 locus
973 3401 1029 3440 non
1043 3385 1093 3452 είῖς
1112 3399 1177 3452 par-

153 3457 284 3526 ticipium
302 3460 399 3512 tamen
412 3457 514 3512 Miller
529 3457 637 3528 recepit
692 3464 724 3512 21
745 3455 777 3521 δς
795 3456 823 3522 ἐξ
842 3454 911 3512 ὁδοῦ
925 3457 986 3512 Εεο.
1003 3473 1072 3512 corr.
1087 3454 1177 3510 Peder
