<?xml version="1.0" encoding="UTF-8"?>
<!DOCTYPE html PUBLIC "-//W3C//DTD XHTML 1.0 Transitional//EN"
    "http://www.w3.org/TR/xhtml1/DTD/xhtml1-transitional.dtd">
<html xmlns="http://www.w3.org/1999/xhtml" xml:lang="en" lang="en">
 <head>
  <title>
</title>
<meta http-equiv="Content-Type" content="text/html;charset=utf-8" />
  <meta name='ocr-system' content='tesseract 3.04.00' />
  <meta name='ocr-capabilities' content='ocr_page ocr_carea ocr_par ocr_line ocrx_word'/>
</head>
<body>
  <div class='ocr_page' id='page_1' title='image "./dionysihalicarn06diongoog_0120.png"; bbox 0 0 2656 3932; ppageno 0'>
   <div class='ocr_carea' id='block_1_1' title="bbox 153 191 735 257">
    <p class='ocr_par' dir='ltr' id='par_1_1' title="bbox 153 191 735 257">
     <span class='ocr_line' id='line_1_1' title="bbox 153 191 735 257; baseline -0.002 0"><span class='ocrx_word' id='word_1_1' title='bbox 153 191 217 257; x_wconf 86' lang='lat'><strong><em>104</em></strong></span> <span class='ocrx_word' id='word_1_2' title='bbox 578 193 735 242; x_wconf 85' lang='lat'><strong><em>—1-</em></strong></span> 
     </span>
    </p>
   </div>
   <div class='ocr_carea' id='block_1_2' title="bbox 65 314 1316 2540">
    <p class='ocr_par' dir='ltr' id='par_1_2' title="bbox 65 314 1316 2540">
     <span class='ocr_line' id='line_1_2' title="bbox 150 314 1309 400; baseline 0 -18"><span class='ocrx_word' id='word_1_3' title='bbox 150 318 236 382; x_wconf 85' lang='grc' dir='ltr'><strong><em>πολὺ</em></strong></span> <span class='ocrx_word' id='word_1_4' title='bbox 263 320 391 399; x_wconf 81' lang='grc' dir='ltr'><strong><em>μᾶλλον</em></strong></span> <span class='ocrx_word' id='word_1_5' title='bbox 417 314 438 380; x_wconf 82' lang='grc' dir='ltr'><strong><em>δ</em></strong></span> <span class='ocrx_word' id='word_1_6' title='bbox 464 314 535 380; x_wconf 88' lang='grc' dir='ltr'><strong><em>κατ’</em></strong></span> <span class='ocrx_word' id='word_1_7' title='bbox 560 316 652 383; x_wconf 85' lang='grc' dir='ltr'><strong><em>ίδίαν</em></strong></span> <span class='ocrx_word' id='word_1_8' title='bbox 679 314 884 400; x_wconf 75' lang='grc' dir='ltr'><strong><em>ἐπιτηδεύων</em></strong></span> <span class='ocrx_word' id='word_1_9' title='bbox 907 315 1059 400; x_wconf 87' lang='grc' dir='ltr'><strong><em>διετέλει,</em></strong></span> <span class='ocrx_word' id='word_1_10' title='bbox 1086 317 1169 382; x_wconf 85' lang='grc' dir='ltr'><strong><em>κατά</em></strong></span> <span class='ocrx_word' id='word_1_11' title='bbox 1305 359 1309 364; x_wconf 97' lang='grc'>-</span> 
     </span>
     <span class='ocr_line' id='line_1_3' title="bbox 149 420 1170 509; baseline 0.002 -21"><span class='ocrx_word' id='word_1_12' title='bbox 149 420 178 488; x_wconf 86' lang='grc' dir='ltr'><strong><em>τ’</em></strong></span> <span class='ocrx_word' id='word_1_13' title='bbox 201 422 394 506; x_wconf 80' lang='grc' dir='ltr'><strong><em>ἀσπασμοὺς</em></strong></span> <span class='ocrx_word' id='word_1_14' title='bbox 425 421 481 487; x_wconf 80' lang='grc' dir='ltr'><strong><em>καλ</em></strong></span> <span class='ocrx_word' id='word_1_15' title='bbox 511 423 792 508; x_wconf 76' lang='grc' dir='ltr'><strong><em>προσαγορεύσεις</em></strong></span> <span class='ocrx_word' id='word_1_16' title='bbox 822 423 1085 509; x_wconf 68' lang='grc' dir='ltr'><strong><em>φιλανθρώπως</em></strong></span> <span class='ocrx_word' id='word_1_17' title='bbox 1113 424 1170 490; x_wconf 79' lang='grc' dir='ltr'><strong><em>καί</em></strong></span> 
     </span>
     <span class='ocr_line' id='line_1_4' title="bbox 84 525 1170 619; baseline 0.001 -23"><span class='ocrx_word' id='word_1_18' title='bbox 84 529 132 619; x_wconf 59' lang='lat' dir='ltr'><strong>j</strong></span> <span class='ocrx_word' id='word_1_19' title='bbox 149 531 208 607; x_wconf 80' lang='grc' dir='ltr'><strong><em>τὰς</em></strong></span> <span class='ocrx_word' id='word_1_20' title='bbox 230 531 331 606; x_wconf 80' lang='grc' dir='ltr'><strong><em>ἀλλας</em></strong></span> <span class='ocrx_word' id='word_1_21' title='bbox 352 539 420 595; x_wconf 91' lang='grc' dir='ltr'><strong><em>τῶν</em></strong></span> <span class='ocrx_word' id='word_1_22' title='bbox 442 532 594 614; x_wconf 75' lang='grc' dir='ltr'><strong><em>πενήτων</em></strong></span> <span class='ocrx_word' id='word_1_23' title='bbox 617 533 887 616; x_wconf 76' lang='grc' dir='ltr'><strong><em>φιλοφρονήσεις.</em></strong></span> <span class='ocrx_word' id='word_1_24' title='bbox 919 525 1013 596; x_wconf 86' lang='grc' dir='ltr'><strong><em>ούτοι</em></strong></span> <span class='ocrx_word' id='word_1_25' title='bbox 1035 532 1069 596; x_wconf 84' lang='grc' dir='ltr'><strong><em>ολ</em></strong></span> <span class='ocrx_word' id='word_1_26' title='bbox 1090 530 1170 598; x_wconf 86' lang='grc' dir='ltr'><strong><em>δέκα</em></strong></span> 
     </span>
     <span class='ocr_line' id='line_1_5' title="bbox 150 634 1170 723; baseline 0.002 -21"><span class='ocrx_word' id='word_1_27' title='bbox 150 637 270 723; x_wconf 84' lang='grc' dir='ltr'><strong><em>ἀνδρες</em></strong></span> <span class='ocrx_word' id='word_1_28' title='bbox 301 635 554 723; x_wconf 74' lang='grc' dir='ltr'><strong><em>συγγράψαντες</em></strong></span> <span class='ocrx_word' id='word_1_29' title='bbox 584 637 709 719; x_wconf 89' lang='grc' dir='ltr'><strong><em>νόμους</em></strong></span> <span class='ocrx_word' id='word_1_30' title='bbox 740 634 779 702; x_wconf 84' lang='grc' dir='ltr'><strong><em>ἐκ</em></strong></span> <span class='ocrx_word' id='word_1_31' title='bbox 810 659 845 702; x_wconf 88' lang='grc' dir='ltr'><strong><em>τε</em></strong></span> <span class='ocrx_word' id='word_1_32' title='bbox 876 647 944 704; x_wconf 91' lang='grc' dir='ltr'><strong><em>τῶν</em></strong></span> <span class='ocrx_word' id='word_1_33' title='bbox 967 635 1170 722; x_wconf 73' lang='grc' dir='ltr'><strong><em>Ἑλληνικῶν</em></strong></span> 
     </span>
     <span class='ocr_line' id='line_1_6' title="bbox 120 742 1170 830; baseline 0.007 -26"><span class='ocrx_word' id='word_1_34' title='bbox 120 763 132 804; x_wconf 88' lang='grc' dir='ltr'><strong><em>ι</em></strong></span> <span class='ocrx_word' id='word_1_35' title='bbox 149 745 263 826; x_wconf 90' lang='grc' dir='ltr'><strong><em>νόμων</em></strong></span> <span class='ocrx_word' id='word_1_36' title='bbox 284 743 342 809; x_wconf 76' lang='grc' dir='ltr'><strong><em>καί</em></strong></span> <span class='ocrx_word' id='word_1_37' title='bbox 362 754 432 809; x_wconf 88' lang='grc' dir='ltr'><strong><em>τῶν</em></strong></span> <span class='ocrx_word' id='word_1_38' title='bbox 454 745 544 829; x_wconf 82' lang='grc' dir='ltr'><strong><em>παρὰ</em></strong></span> <span class='ocrx_word' id='word_1_39' title='bbox 566 745 685 828; x_wconf 89' lang='grc' dir='ltr'><strong><em>σφίσιν</em></strong></span> <span class='ocrx_word' id='word_1_40' title='bbox 702 744 818 822; x_wconf 85' lang='grc' dir='ltr'><strong><em>αύτοίς</em></strong></span> <span class='ocrx_word' id='word_1_41' title='bbox 840 743 1003 830; x_wconf 76' lang='grc' dir='ltr'><strong><em>ἀγράφων</em></strong></span> <span class='ocrx_word' id='word_1_42' title='bbox 1020 742 1170 828; x_wconf 87' lang='grc' dir='ltr'><strong><em>ἐθισμῶν</em></strong></span> 
     </span>
     <span class='ocr_line' id='line_1_7' title="bbox 149 847 1170 938; baseline -0.001 -22"><span class='ocrx_word' id='word_1_43' title='bbox 149 850 349 935; x_wconf 86' lang='grc' dir='ltr'><strong><em>προύθηκαν</em></strong></span> <span class='ocrx_word' id='word_1_44' title='bbox 380 847 419 916; x_wconf 85' lang='grc' dir='ltr'><strong><em>ἐν</em></strong></span> <span class='ocrx_word' id='word_1_45' title='bbox 450 849 530 916; x_wconf 82' lang='grc' dir='ltr'><strong><em>δέκα</em></strong></span> <span class='ocrx_word' id='word_1_46' title='bbox 561 849 689 928; x_wconf 78' lang='grc' dir='ltr'><strong><em>δέλτοις</em></strong></span> <span class='ocrx_word' id='word_1_47' title='bbox 720 862 766 937; x_wconf 73' lang='grc' dir='ltr'><strong><em>τῷ</em></strong></span> <span class='ocrx_word' id='word_1_48' title='bbox 797 849 991 938; x_wconf 79' lang='grc' dir='ltr'><strong><em>βουλομένῳ</em></strong></span> <span class='ocrx_word' id='word_1_49' title='bbox 1023 861 1170 934; x_wconf 77' lang='grc' dir='ltr'><strong><em>σκοπεῖν,</em></strong></span> 
     </span>
     <span class='ocr_line' id='line_1_8' title="bbox 150 955 1314 1044; baseline 0.001 -22"><span class='ocrx_word' id='word_1_50' title='bbox 150 958 323 1043; x_wconf 87' lang='grc' dir='ltr'><strong><em>δεχόμενοι</em></strong></span> <span class='ocrx_word' id='word_1_51' title='bbox 354 965 466 1023; x_wconf 85' lang='grc' dir='ltr'><strong><em>πᾶσαν</em></strong></span> <span class='ocrx_word' id='word_1_52' title='bbox 494 955 731 1043; x_wconf 74' lang='grc' dir='ltr'><strong><em>ἐπανόρθωσιν</em></strong></span> <span class='ocrx_word' id='word_1_53' title='bbox 762 958 905 1024; x_wconf 80' lang='grc' dir='ltr'><strong><em>ἰδιωτῶν</em></strong></span> <span class='ocrx_word' id='word_1_54' title='bbox 926 957 1087 1044; x_wconf 86' lang='grc' dir='ltr'><strong><em>καλ-πρὸς</em></strong></span> <span class='ocrx_word' id='word_1_55' title='bbox 1109 960 1171 1043; x_wconf 79' lang='grc' dir='ltr'><strong><em>τὴν</em></strong></span> <span class='ocrx_word' id='word_1_56' title='bbox 1313 987 1314 1006; x_wconf 66' lang='lat'>2</span> 
     </span>
     <span class='ocr_line' id='line_1_9' title="bbox 149 1062 1251 1151; baseline 0 -21"><span class='ocrx_word' id='word_1_57' title='bbox 149 1065 267 1149; x_wconf 71' lang='grc' dir='ltr'><strong><em>κοινὴν</em></strong></span> <span class='ocrx_word' id='word_1_58' title='bbox 297 1062 515 1150; x_wconf 79' lang='grc' dir='ltr'><strong><em>εὐαρέστησιν</em></strong></span> <span class='ocrx_word' id='word_1_59' title='bbox 544 1063 796 1142; x_wconf 84' lang='grc' dir='ltr'><strong><em>ἀπευθύνοντες</em></strong></span> <span class='ocrx_word' id='word_1_60' title='bbox 825 1066 865 1130; x_wconf 81' lang='grc' dir='ltr'><strong><em>τὰ</em></strong></span> <span class='ocrx_word' id='word_1_61' title='bbox 892 1063 1071 1151; x_wconf 85' lang='grc' dir='ltr'><strong><em>γραφέντα.</em></strong></span> <span class='ocrx_word' id='word_1_62' title='bbox 1115 1064 1251 1130; x_wconf 77' lang='grc' dir='ltr'><strong><em>καλιεεσ</em></strong></span> 
     </span>
     <span class='ocr_line' id='line_1_10' title="bbox 149 1169 1315 1259; baseline 0.002 -24"><span class='ocrx_word' id='word_1_63' title='bbox 149 1170 245 1257; x_wconf 86' lang='grc' dir='ltr'><strong><em>μέχρι</em></strong></span> <span class='ocrx_word' id='word_1_64' title='bbox 273 1175 400 1237; x_wconf 84' lang='grc' dir='ltr'><strong><em>πολλοῦ</em></strong></span> <span class='ocrx_word' id='word_1_65' title='bbox 430 1171 618 1238; x_wconf 71' lang='grc' dir='ltr'><strong><em>διετέλεσαν</em></strong></span> <span class='ocrx_word' id='word_1_66' title='bbox 644 1169 683 1238; x_wconf 89' lang='grc' dir='ltr'><strong><em>ἐν</em></strong></span> <span class='ocrx_word' id='word_1_67' title='bbox 704 1183 806 1259; x_wconf 72' lang='grc' dir='ltr'><strong><em>κοινῷ</em></strong></span> <span class='ocrx_word' id='word_1_68' title='bbox 833 1173 914 1254; x_wconf 82' lang='grc' dir='ltr'><strong><em>μετὰ</em></strong></span> <span class='ocrx_word' id='word_1_69' title='bbox 936 1183 1004 1238; x_wconf 89' lang='grc' dir='ltr'><strong><em>τῶν</em></strong></span> <span class='ocrx_word' id='word_1_70' title='bbox 1026 1172 1171 1258; x_wconf 89' lang='grc' dir='ltr'><strong><em>ἀρίστων</em></strong></span> <span class='ocrx_word' id='word_1_71' title='bbox 1314 1211 1315 1214; x_wconf 61' lang='lat'><em>=</em></span> 
     </span>
     <span class='ocr_line' id='line_1_11' title="bbox 107 1277 1316 1365; baseline -0.001 -24"><span class='ocrx_word' id='word_1_72' title='bbox 107 1300 133 1340; x_wconf 91' lang='grc' dir='ltr'><strong><em>ιο</em></strong></span> <span class='ocrx_word' id='word_1_73' title='bbox 151 1277 285 1363; x_wconf 89' lang='grc' dir='ltr'><strong><em>ἀνδρῶν</em></strong></span> <span class='ocrx_word' id='word_1_74' title='bbox 316 1279 575 1364; x_wconf 82' lang='grc' dir='ltr'><strong><em>συνεδρεύοντες</em></strong></span> <span class='ocrx_word' id='word_1_75' title='bbox 605 1278 659 1344; x_wconf 75' lang='grc' dir='ltr'><strong><em>καί</em></strong></span> <span class='ocrx_word' id='word_1_76' title='bbox 692 1280 753 1364; x_wconf 81' lang='grc' dir='ltr'><strong><em>την</em></strong></span> <span class='ocrx_word' id='word_1_77' title='bbox 786 1278 1026 1365; x_wconf 79' lang='grc' dir='ltr'><strong><em>ἀκριβεστάτην</em></strong></span> <span class='ocrx_word' id='word_1_78' title='bbox 1057 1279 1172 1344; x_wconf 92' lang='grc' dir='ltr'><strong><em>ποιού-</em></strong></span> <span class='ocrx_word' id='word_1_79' title='bbox 1315 1286 1316 1340; x_wconf 70' lang='grc' dir='ltr'><strong><em>ι</em></strong></span> 
     </span>
     <span class='ocr_line' id='line_1_12' title="bbox 111 1382 1172 1472; baseline 0.001 -22"><span class='ocrx_word' id='word_1_80' title='bbox 111 1386 244 1468; x_wconf 89' lang='grc' dir='ltr'><strong><em>6μενοι</em></strong></span> <span class='ocrx_word' id='word_1_81' title='bbox 266 1395 324 1470; x_wconf 77' lang='grc' dir='ltr'><strong><em>τῆς</em></strong></span> <span class='ocrx_word' id='word_1_82' title='bbox 345 1388 548 1469; x_wconf 78' lang='grc' dir='ltr'><strong><em>νομοθεσίας</em></strong></span> <span class='ocrx_word' id='word_1_83' title='bbox 570 1383 726 1464; x_wconf 80' lang='grc' dir='ltr'><strong><em>ἐξέτασιν.</em></strong></span> <span class='ocrx_word' id='word_1_84' title='bbox 766 1383 880 1470; x_wconf 80' lang='grc' dir='ltr'><strong><em>ἐπειδὴ</em></strong></span> <span class='ocrx_word' id='word_1_85' title='bbox 903 1382 934 1450; x_wconf 90' lang='grc' dir='ltr'><strong><em>δ’</em></strong></span> <span class='ocrx_word' id='word_1_86' title='bbox 953 1385 1172 1472; x_wconf 77' lang='grc' dir='ltr'><strong><em>ἀποχρώντως</em></strong></span> 
     </span>
     <span class='ocr_line' id='line_1_13' title="bbox 150 1489 1172 1579; baseline -0.002 -21"><span class='ocrx_word' id='word_1_87' title='bbox 150 1489 305 1578; x_wconf 86' lang='grc' dir='ltr'><strong><em>ἐφαίνετο</em></strong></span> <span class='ocrx_word' id='word_1_88' title='bbox 337 1492 451 1570; x_wconf 88' lang='grc' dir='ltr'><strong><em>αύτοίς</em></strong></span> <span class='ocrx_word' id='word_1_89' title='bbox 483 1493 524 1558; x_wconf 87' lang='grc' dir='ltr'><strong><em>τδι</em></strong></span> <span class='ocrx_word' id='word_1_90' title='bbox 550 1491 722 1578; x_wconf 86' lang='grc' dir='ltr'><strong><em>γραφέντα</em></strong></span> <span class='ocrx_word' id='word_1_91' title='bbox 743 1489 843 1578; x_wconf 84' lang='grc' dir='ltr'><strong><em>ἐχειν,</em></strong></span> <span class='ocrx_word' id='word_1_92' title='bbox 870 1503 1004 1579; x_wconf 90' lang='grc' dir='ltr'><strong><em>πρῶτον</em></strong></span> <span class='ocrx_word' id='word_1_93' title='bbox 1026 1491 1087 1575; x_wconf 63' lang='grc' dir='ltr'><strong><em>μὲν</em></strong></span> <span class='ocrx_word' id='word_1_94' title='bbox 1110 1492 1172 1576; x_wconf 81' lang='grc' dir='ltr'><strong><em>την</em></strong></span> 
     </span>
     <span class='ocr_line' id='line_1_14' title="bbox 150 1596 1173 1685; baseline -0.001 -20"><span class='ocrx_word' id='word_1_95' title='bbox 150 1601 278 1684; x_wconf 77' lang='grc' dir='ltr'><strong><em>βουλὴν</em></strong></span> <span class='ocrx_word' id='word_1_96' title='bbox 314 1601 560 1683; x_wconf 84' lang='grc' dir='ltr'><strong><em>συναγαγόντες</em></strong></span> <span class='ocrx_word' id='word_1_97' title='bbox 596 1599 741 1677; x_wconf 80' lang='grc' dir='ltr'><strong><em>οὐθενὸς</em></strong></span> <span class='ocrx_word' id='word_1_98' title='bbox 771 1596 822 1665; x_wconf 78' lang='grc' dir='ltr'><strong><em>’ἐτι</em></strong></span> <span class='ocrx_word' id='word_1_99' title='bbox 857 1597 1070 1685; x_wconf 83' lang='grc' dir='ltr'><strong><em>μεμφομένων</em></strong></span> <span class='ocrx_word' id='word_1_100' title='bbox 1102 1607 1173 1676; x_wconf 88' lang='grc' dir='ltr'><strong><em>τοίς</em></strong></span> 
     </span>
     <span class='ocr_line' id='line_1_15' title="bbox 103 1702 1173 1792; baseline -0.002 -20"><span class='ocrx_word' id='word_1_101' title='bbox 103 1708 266 1789; x_wconf 59' lang='grc' dir='ltr'><strong><em>,νόμοις</em></strong></span> <span class='ocrx_word' id='word_1_102' title='bbox 301 1705 537 1791; x_wconf 81' lang='grc' dir='ltr'><strong><em>προβούλευμα</em></strong></span> <span class='ocrx_word' id='word_1_103' title='bbox 572 1706 649 1792; x_wconf 81' lang='grc' dir='ltr'><strong><em>περί</em></strong></span> <span class='ocrx_word' id='word_1_104' title='bbox 681 1707 793 1772; x_wconf 83' lang='grc' dir='ltr'><strong><em>αὐτῶν</em></strong></span> <span class='ocrx_word' id='word_1_105' title='bbox 825 1704 1005 1792; x_wconf 89' lang='grc' dir='ltr'><strong><em>ἐκύρωσαν.</em></strong></span> <span class='ocrx_word' id='word_1_106' title='bbox 1059 1702 1173 1771; x_wconf 76' lang='grc' dir='ltr'><strong><em>’ἔπειτα</em></strong></span> 
     </span>
     <span class='ocr_line' id='line_1_16' title="bbox 107 1809 1172 1898; baseline 0.003 -24"><span class='ocrx_word' id='word_1_107' title='bbox 107 1834 132 1874; x_wconf 85' lang='grc' dir='ltr'><strong><em>ιι</em></strong></span> <span class='ocrx_word' id='word_1_108' title='bbox 150 1814 210 1879; x_wconf 84' lang='grc' dir='ltr'><strong><em>τὸν</em></strong></span> <span class='ocrx_word' id='word_1_109' title='bbox 252 1813 360 1897; x_wconf 74' lang='grc' dir='ltr'><strong><em>δῆμον</em></strong></span> <span class='ocrx_word' id='word_1_110' title='bbox 399 1809 597 1890; x_wconf 90' lang='grc' dir='ltr'><strong><em>καλέσαντες</em></strong></span> <span class='ocrx_word' id='word_1_111' title='bbox 637 1814 685 1891; x_wconf 85' lang='grc' dir='ltr'><strong><em>είς</em></strong></span> <span class='ocrx_word' id='word_1_112' title='bbox 724 1815 786 1898; x_wconf 81' lang='grc' dir='ltr'><strong><em>την</em></strong></span> <span class='ocrx_word' id='word_1_113' title='bbox 828 1818 954 1898; x_wconf 75' lang='grc' dir='ltr'><strong><em>λοχῖτιν</em></strong></span> <span class='ocrx_word' id='word_1_114' title='bbox 995 1811 1172 1898; x_wconf 81' lang='grc' dir='ltr'><strong><em>ἐκκλησίαν</em></strong></span> 
     </span>
     <span class='ocr_line' id='line_1_17' title="bbox 65 1918 1173 2006; baseline 0.001 -22"><span class='ocrx_word' id='word_1_115' title='bbox 65 1932 71 1946; x_wconf 86' lang='grc'><em>·</em></span> <span class='ocrx_word' id='word_1_116' title='bbox 82 1927 129 2004; x_wconf 52' lang='grc' dir='ltr'><strong><em>χ’,ι</em></strong></span> <span class='ocrx_word' id='word_1_117' title='bbox 153 1920 402 2005; x_wconf 78' lang='grc' dir='ltr'><strong><em>ἱερομνημόνων</em></strong></span> <span class='ocrx_word' id='word_1_118' title='bbox 423 1941 459 1984; x_wconf 89' lang='grc' dir='ltr'><strong><em>τε</em></strong></span> <span class='ocrx_word' id='word_1_119' title='bbox 480 1919 536 1985; x_wconf 84' lang='grc' dir='ltr'><strong><em>καί</em></strong></span> <span class='ocrx_word' id='word_1_120' title='bbox 559 1918 743 1986; x_wconf 88' lang='grc' dir='ltr'><strong><em>οίωνιστῶν</em></strong></span> <span class='ocrx_word' id='word_1_121' title='bbox 763 1921 819 1986; x_wconf 83' lang='grc' dir='ltr'><strong><em>καλ</em></strong></span> <span class='ocrx_word' id='word_1_122' title='bbox 841 1931 908 1986; x_wconf 89' lang='grc' dir='ltr'><strong><em>τῶν</em></strong></span> <span class='ocrx_word' id='word_1_123' title='bbox 927 1921 1037 1986; x_wconf 79' lang='grc' dir='ltr'><strong><em>ἀλλων</em></strong></span> <span class='ocrx_word' id='word_1_124' title='bbox 1057 1918 1173 2006; x_wconf 79' lang='grc' dir='ltr'><strong><em>ἱερέων</em></strong></span> 
     </span>
     <span class='ocr_line' id='line_1_18' title="bbox 150 2025 1173 2112; baseline 0 -20"><span class='ocrx_word' id='word_1_125' title='bbox 150 2028 327 2112; x_wconf 85' lang='grc' dir='ltr'><strong><em>παρόντων</em></strong></span> <span class='ocrx_word' id='word_1_126' title='bbox 362 2026 418 2092; x_wconf 80' lang='grc' dir='ltr'><strong><em>καί</em></strong></span> <span class='ocrx_word' id='word_1_127' title='bbox 451 2027 492 2092; x_wconf 88' lang='grc' dir='ltr'><strong><em>τά</em></strong></span> <span class='ocrx_word' id='word_1_128' title='bbox 518 2032 598 2093; x_wconf 89' lang='grc' dir='ltr'><strong><em>θεία</em></strong></span> <span class='ocrx_word' id='word_1_129' title='bbox 625 2027 671 2104; x_wconf 84' lang='grc' dir='ltr'><strong><em>δις</em></strong></span> <span class='ocrx_word' id='word_1_130' title='bbox 697 2029 799 2110; x_wconf 90' lang='grc' dir='ltr'><strong><em>νόμος</em></strong></span> <span class='ocrx_word' id='word_1_131' title='bbox 830 2025 1083 2112; x_wconf 84' lang='grc' dir='ltr'><strong><em>ἐξηγησαμένων</em></strong></span> <span class='ocrx_word' id='word_1_132' title='bbox 1115 2026 1173 2092; x_wconf 91' lang='grc' dir='ltr'><strong><em>ἀν-</em></strong></span> 
     </span>
     <span class='ocr_line' id='line_1_19' title="bbox 113 2133 1173 2234; baseline -0.001 -33"><span class='ocrx_word' id='word_1_133' title='bbox 113 2133 279 2234; x_wconf 56' lang='grc' dir='ltr'><strong><em>[έδωκαν</em></strong></span> <span class='ocrx_word' id='word_1_134' title='bbox 301 2143 371 2212; x_wconf 87' lang='grc' dir='ltr'><strong><em>τοίς</em></strong></span> <span class='ocrx_word' id='word_1_135' title='bbox 389 2135 575 2220; x_wconf 76' lang='grc' dir='ltr'><strong><em>λόχοις-τὰς</em></strong></span> <span class='ocrx_word' id='word_1_136' title='bbox 597 2137 740 2220; x_wconf 78' lang='grc' dir='ltr'><strong><em>ψήφους.</em></strong></span> <span class='ocrx_word' id='word_1_137' title='bbox 768 2133 1035 2220; x_wconf 84' lang='grc' dir='ltr'><strong><em>ἐπικυρώσαντος</em></strong></span> <span class='ocrx_word' id='word_1_138' title='bbox 1057 2133 1095 2200; x_wconf 81' lang='grc' dir='ltr'><strong><em>δέ</em></strong></span> <span class='ocrx_word' id='word_1_139' title='bbox 1117 2135 1173 2200; x_wconf 78' lang='grc' dir='ltr'><strong><em>καὶ</em></strong></span> 
     </span>
     <span class='ocr_line' id='line_1_20' title="bbox 150 2239 1173 2327; baseline -0.002 -17"><span class='ocrx_word' id='word_1_140' title='bbox 150 2251 210 2310; x_wconf 85' lang='grc' dir='ltr'><strong><em>τοῦ</em></strong></span> <span class='ocrx_word' id='word_1_141' title='bbox 233 2243 340 2327; x_wconf 78' lang='grc' dir='ltr'><strong><em>δήμου</em></strong></span> <span class='ocrx_word' id='word_1_142' title='bbox 363 2244 443 2319; x_wconf 82' lang='grc' dir='ltr'><strong><em>τοὺς</em></strong></span> <span class='ocrx_word' id='word_1_143' title='bbox 465 2243 604 2325; x_wconf 87' lang='grc' dir='ltr'><strong><em>νόμους,</em></strong></span> <span class='ocrx_word' id='word_1_144' title='bbox 627 2244 761 2326; x_wconf 77' lang='grc' dir='ltr'><strong><em>στήλαις</em></strong></span> <span class='ocrx_word' id='word_1_145' title='bbox 783 2246 919 2326; x_wconf 72' lang='grc' dir='ltr'><strong><em>χαλκαῖς</em></strong></span> <span class='ocrx_word' id='word_1_146' title='bbox 936 2239 1173 2327; x_wconf 81' lang='grc' dir='ltr'><strong><em>ἐγχαρύξαντες</em></strong></span> 
     </span>
     <span class='ocr_line' id='line_1_21' title="bbox 107 2345 1173 2437; baseline 0.005 -27"><span class='ocrx_word' id='word_1_147' title='bbox 107 2369 133 2410; x_wconf 80' lang='grc' dir='ltr'><strong><em>ιο</em></strong></span> <span class='ocrx_word' id='word_1_148' title='bbox 151 2349 273 2426; x_wconf 83' lang='grc' dir='ltr'><strong><em>αύτούς</em></strong></span> <span class='ocrx_word' id='word_1_149' title='bbox 308 2346 427 2434; x_wconf 78' lang='grc' dir='ltr'><strong><em>ἐφεξῆς</em></strong></span> <span class='ocrx_word' id='word_1_150' title='bbox 458 2345 584 2414; x_wconf 76' lang='grc' dir='ltr'><strong><em>’ἔθεσαν</em></strong></span> <span class='ocrx_word' id='word_1_151' title='bbox 620 2346 658 2414; x_wconf 90' lang='grc' dir='ltr'><strong><em>ἐν</em></strong></span> <span class='ocrx_word' id='word_1_152' title='bbox 690 2348 796 2437; x_wconf 79' lang='grc' dir='ltr'><strong><em>ἀγορᾷ</em></strong></span> <span class='ocrx_word' id='word_1_153' title='bbox 817 2349 877 2414; x_wconf 87' lang='grc' dir='ltr'><strong><em>τὸν</em></strong></span> <span class='ocrx_word' id='word_1_154' title='bbox 909 2346 1173 2434; x_wconf 90' lang='grc' dir='ltr'><strong><em>ἐπιφανέστατον</em></strong></span> 
     </span>
     <span class='ocr_line' id='line_1_22' title="bbox 151 2451 1173 2540; baseline 0 -18"><span class='ocrx_word' id='word_1_155' title='bbox 151 2454 359 2538; x_wconf 81' lang='grc' dir='ltr'><strong><em>ἐκλεξάμενοι</em></strong></span> <span class='ocrx_word' id='word_1_156' title='bbox 389 2457 502 2522; x_wconf 90' lang='grc' dir='ltr'><strong><em>τόπον.</em></strong></span> <span class='ocrx_word' id='word_1_157' title='bbox 556 2455 613 2521; x_wconf 83' lang='grc' dir='ltr'><strong><em>καί</em></strong></span> <span class='ocrx_word' id='word_1_158' title='bbox 644 2454 757 2539; x_wconf 80' lang='grc' dir='ltr'><strong><em>ἐπειδὴ</em></strong></span> <span class='ocrx_word' id='word_1_159' title='bbox 786 2457 912 2540; x_wconf 85' lang='grc' dir='ltr'><strong><em>βραχύς</em></strong></span> <span class='ocrx_word' id='word_1_160' title='bbox 939 2453 957 2519; x_wconf 89' lang='grc' dir='ltr'>ὁ</span> <span class='ocrx_word' id='word_1_161' title='bbox 985 2465 1043 2540; x_wconf 78' lang='grc' dir='ltr'><strong><em>τῆς</em></strong></span> <span class='ocrx_word' id='word_1_162' title='bbox 1070 2451 1173 2540; x_wconf 78' lang='grc' dir='ltr'><strong><em>ἀρχῆς</em></strong></span> 
     </span>
    </p>
   </div>
   <div class='ocr_carea' id='block_1_3' title="bbox 108 2545 1256 3182">
    <p class='ocr_par' dir='ltr' id='par_1_3' title="bbox 119 2545 1173 2842">
     <span class='ocr_line' id='line_1_23' title="bbox 119 2545 1173 2647; baseline -0.001 -20"><span class='ocrx_word' id='word_1_163' title='bbox 119 2545 265 2637; x_wconf 57' lang='grc' dir='ltr'><strong><em>Ἴιιύτοίς</em></strong></span> <span class='ocrx_word' id='word_1_164' title='bbox 301 2563 421 2647; x_wconf 85' lang='grc' dir='ltr'><strong><em>χρόνος</em></strong></span> <span class='ocrx_word' id='word_1_165' title='bbox 456 2560 478 2626; x_wconf 84' lang='grc' dir='ltr'><strong><em>ό</em></strong></span> <span class='ocrx_word' id='word_1_166' title='bbox 508 2563 701 2645; x_wconf 83' lang='grc' dir='ltr'><strong><em>λειπόμενος</em></strong></span> <span class='ocrx_word' id='word_1_167' title='bbox 731 2557 785 2645; x_wconf 72' lang='grc' dir='ltr'><strong><em>ἦν,</em></strong></span> <span class='ocrx_word' id='word_1_168' title='bbox 817 2563 1063 2644; x_wconf 91' lang='grc' dir='ltr'><strong><em>συναγαγόντες</em></strong></span> <span class='ocrx_word' id='word_1_169' title='bbox 1094 2564 1173 2640; x_wconf 87' lang='grc' dir='ltr'><strong><em>τούς</em></strong></span> 
     </span>
     <span class='ocr_line' id='line_1_24' title="bbox 151 2657 1173 2754; baseline 0 -20"><span class='ocrx_word' id='word_1_170' title='bbox 151 2669 334 2752; x_wconf 83' lang='grc' dir='ltr'><strong><em>βουλευτὰς</em></strong></span> <span class='ocrx_word' id='word_1_171' title='bbox 354 2667 552 2754; x_wconf 81' lang='grc' dir='ltr'><strong><em>προύθεσαν</em></strong></span> <span class='ocrx_word' id='word_1_172' title='bbox 574 2667 658 2754; x_wconf 82' lang='grc' dir='ltr'><strong><em>ύπέρ</em></strong></span> <span class='ocrx_word' id='word_1_173' title='bbox 682 2667 901 2754; x_wconf 87' lang='grc' dir='ltr'><strong><em>ἀρχαιρεσίων</em></strong></span> <span class='ocrx_word' id='word_1_174' title='bbox 921 2657 976 2732; x_wconf 79' lang='grc' dir='ltr'><strong><em>οία</em></strong></span> <span class='ocrx_word' id='word_1_175' title='bbox 998 2669 1060 2754; x_wconf 81' lang='grc' dir='ltr'><strong><em>χρη</em></strong></span> <span class='ocrx_word' id='word_1_176' title='bbox 1081 2668 1173 2753; x_wconf 87' lang='grc' dir='ltr'><strong><em>γενέ-</em></strong></span> 
     </span>
     <span class='ocr_line' id='line_1_25' title="bbox 152 2781 402 2842; baseline -0.008 -1"><span class='ocrx_word' id='word_1_177' title='bbox 152 2781 234 2842; x_wconf 89' lang='grc' dir='ltr'><strong><em>σθαι</em></strong></span> <span class='ocrx_word' id='word_1_178' title='bbox 257 2783 402 2840; x_wconf 76' lang='grc' dir='ltr'><strong><em>σκοπεῖν.</em></strong></span> 
     </span>
    </p>

    <p class='ocr_par' dir='ltr' id='par_1_4' title="bbox 108 2878 1256 3182">
     <span class='ocr_line' id='line_1_26' title="bbox 108 2878 1256 2966; baseline 0.007 -23"><span class='ocrx_word' id='word_1_179' title='bbox 108 2903 134 2943; x_wconf 82' lang='grc' dir='ltr'><strong><em>ιε</em></strong></span> <span class='ocrx_word' id='word_1_180' title='bbox 222 2881 336 2948; x_wconf 82' lang='lat' dir='ltr'><strong>LVIII.</strong></span> <span class='ocrx_word' id='word_1_181' title='bbox 383 2885 528 2947; x_wconf 81' lang='grc' dir='ltr'><strong><em>Πολλῶν</em></strong></span> <span class='ocrx_word' id='word_1_182' title='bbox 556 2880 593 2947; x_wconf 85' lang='grc' dir='ltr'><strong><em>δέ</em></strong></span> <span class='ocrx_word' id='word_1_183' title='bbox 621 2878 809 2966; x_wconf 76' lang='grc' dir='ltr'><strong><em>λεχθέντων</em></strong></span> <span class='ocrx_word' id='word_1_184' title='bbox 836 2879 989 2966; x_wconf 89' lang='grc' dir='ltr'><strong><em>ἐνίκησεν</em></strong></span> <span class='ocrx_word' id='word_1_185' title='bbox 1014 2883 1034 2966; x_wconf 77' lang='grc' dir='ltr'><strong><em>ἡ</em></strong></span> <span class='ocrx_word' id='word_1_186' title='bbox 1057 2882 1172 2966; x_wconf 83' lang='grc' dir='ltr'><strong><em>γνώμη</em></strong></span> <span class='ocrx_word' id='word_1_187' title='bbox 1182 2901 1256 2951; x_wconf 76' lang='lat'><strong><em>2146</em></strong></span> 
     </span>
     <span class='ocr_line' id='line_1_27' title="bbox 152 2982 1173 3075; baseline -0.002 -19"><span class='ocrx_word' id='word_1_188' title='bbox 152 3001 219 3056; x_wconf 87' lang='grc' dir='ltr'><strong><em>τῶν</em></strong></span> <span class='ocrx_word' id='word_1_189' title='bbox 248 2988 504 3075; x_wconf 89' lang='grc' dir='ltr'><strong><em>παραινούντων</em></strong></span> <span class='ocrx_word' id='word_1_190' title='bbox 531 2987 752 3072; x_wconf 81' lang='grc' dir='ltr'><strong><em>δεκαδαρχίαν</em></strong></span> <span class='ocrx_word' id='word_1_191' title='bbox 779 2982 880 3066; x_wconf 84' lang='grc' dir='ltr'><strong><em>αὖθις</em></strong></span> <span class='ocrx_word' id='word_1_192' title='bbox 908 2986 1079 3068; x_wconf 81' lang='grc' dir='ltr'><strong><em>ἀποδείξαι</em></strong></span> <span class='ocrx_word' id='word_1_193' title='bbox 1105 2999 1173 3054; x_wconf 90' lang='grc' dir='ltr'><strong><em>τῶν</em></strong></span> 
     </span>
     <span class='ocr_line' id='line_1_28' title="bbox 152 3094 1173 3182; baseline -0.002 -20"><span class='ocrx_word' id='word_1_194' title='bbox 152 3107 275 3162; x_wconf 89' lang='grc' dir='ltr'><strong><em>κοινῶν</em></strong></span> <span class='ocrx_word' id='word_1_195' title='bbox 296 3097 426 3182; x_wconf 93' lang='grc' dir='ltr'><strong><em>κυρίαν.</em></strong></span> <span class='ocrx_word' id='word_1_196' title='bbox 454 3094 570 3180; x_wconf 81' lang='grc' dir='ltr'><strong><em>ἀτελής</em></strong></span> <span class='ocrx_word' id='word_1_197' title='bbox 592 3117 627 3160; x_wconf 90' lang='grc' dir='ltr'><strong><em>τε</em></strong></span> <span class='ocrx_word' id='word_1_198' title='bbox 654 3096 719 3181; x_wconf 84' lang='grc' dir='ltr'><strong><em>γὰρ</em></strong></span> <span class='ocrx_word' id='word_1_199' title='bbox 745 3095 766 3179; x_wconf 78' lang='grc' dir='ltr'><strong><em>η</em></strong></span> <span class='ocrx_word' id='word_1_200' title='bbox 794 3097 979 3178; x_wconf 89' lang='grc' dir='ltr'><strong><em>νομοθεσία</em></strong></span> <span class='ocrx_word' id='word_1_201' title='bbox 1006 3094 1173 3181; x_wconf 84' lang='grc' dir='ltr'><strong><em>ἐφαίνετο,</em></strong></span> 
     </span>
    </p>
   </div>
   <div class='ocr_carea' id='block_1_4' title="bbox 152 3304 1172 3518">
    <p class='ocr_par' dir='ltr' id='par_1_5' title="bbox 152 3304 1172 3518">
     <span class='ocr_line' id='line_1_29' title="bbox 225 3304 1172 3379; baseline 0.002 -20"><span class='ocrx_word' id='word_1_202' title='bbox 225 3312 239 3359; x_wconf 90' lang='grc'>1</span> <span class='ocrx_word' id='word_1_203' title='bbox 260 3305 279 3360; x_wconf 79' lang='grc' dir='ltr'>ἃ</span> <span class='ocrx_word' id='word_1_204' title='bbox 297 3323 350 3359; x_wconf 87' lang='lat' dir='ltr'><strong><em>om.</em></strong></span> <span class='ocrx_word' id='word_1_205' title='bbox 365 3306 411 3360; x_wconf 76' lang='lat' dir='ltr'><strong><em>Ba</em></strong></span> <span class='ocrx_word' id='word_1_206' title='bbox 466 3312 482 3362; x_wconf 82' lang='lat'><strong>5</strong></span> <span class='ocrx_word' id='word_1_207' title='bbox 502 3305 679 3379; x_wconf 85' lang='grc' dir='ltr'><strong><em>ἐ&lt;θισ&gt;μῶν</em></strong></span> <span class='ocrx_word' id='word_1_208' title='bbox 694 3305 740 3359; x_wconf 92' lang='lat' dir='ltr'><strong><em>Bb</em></strong></span> <span class='ocrx_word' id='word_1_209' title='bbox 795 3311 827 3360; x_wconf 81' lang='lat'><strong><em>15</em></strong></span> <span class='ocrx_word' id='word_1_210' title='bbox 846 3305 1019 3362; x_wconf 81' lang='grc' dir='ltr'><strong><em>ἐκάλεσανΟ</em></strong></span> <span class='ocrx_word' id='word_1_211' title='bbox 1038 3304 1172 3361; x_wconf 80' lang='grc' dir='ltr'><strong><em>καλέσαν-</em></strong></span> 
     </span>
     <span class='ocr_line' id='line_1_30' title="bbox 152 3375 1171 3518; baseline 0.002 -88"><span class='ocrx_word' id='word_1_212' title='bbox 152 3376 406 3518; x_wconf 51' lang='grc' dir='ltr'><strong><em>Ξετςελρὲλγίἑῐεεὲίως</em></strong></span> <span class='ocrx_word' id='word_1_213' title='bbox 435 3377 438 3449; x_wconf 69' lang='grc' dir='ltr'><strong><em>λ</em></strong></span> <span class='ocrx_word' id='word_1_214' title='bbox 469 3375 618 3447; x_wconf 83' lang='grc' dir='ltr'><strong><em>ἐκκλησίαν</em></strong></span> <span class='ocrx_word' id='word_1_215' title='bbox 643 3393 696 3432; x_wconf 92' lang='lat' dir='ltr'><strong><em>om.</em></strong></span> <span class='ocrx_word' id='word_1_216' title='bbox 719 3377 766 3430; x_wconf 83' lang='grc' dir='ltr'><strong><em>Βο</em></strong></span> <span class='ocrx_word' id='word_1_217' title='bbox 838 3383 871 3432; x_wconf 76' lang='grc'><strong><em>27</em></strong></span> <span class='ocrx_word' id='word_1_218' title='bbox 896 3377 993 3446; x_wconf 82' lang='grc' dir='ltr'><strong><em>ἀτελής</em></strong></span> <span class='ocrx_word' id='word_1_219' title='bbox 1016 3397 1046 3432; x_wconf 85' lang='grc' dir='ltr'><strong><em>τε</em></strong></span> <span class='ocrx_word' id='word_1_220' title='bbox 1071 3377 1125 3447; x_wconf 80' lang='grc' dir='ltr'><strong><em>γὰρ</em></strong></span> <span class='ocrx_word' id='word_1_221' title='bbox 1149 3378 1171 3431; x_wconf 93' lang='grc' dir='ltr'>Β</span> 
     </span>
    </p>
   </div>
   <div class='ocr_carea' id='block_1_5' title="bbox 0 0 1336 3932">
    <p class='ocr_par' dir='ltr' id='par_1_6' title="bbox 0 0 1336 3932">
     <span class='ocr_line' id='line_1_31' title="bbox 0 0 1336 3932; baseline 0 0"><span class='ocrx_word' id='word_1_222' title='bbox 0 0 1336 3932; x_wconf 95' lang='lat' dir='ltr'><strong><em> </em></strong></span> 
     </span>
    </p>
   </div>
  </div>
 </body>
</html>
