2668 3922
180 217 246 282 206
600 246 633 254 -
671 219 711 269 ῙΑ
748 245 780 254 -

167 343 333 428 ’πρώτους
355 340 489 425 ἐπλτην
508 339 669 426 ἐρώτησιν
686 350 744 425 τῆς
762 342 895 426 γνώμης
912 341 1105 426 καταλέγειν
1124 343 1200 428 οὐχί

180 453 259 527 τοὺς
289 448 537 534 πρεσβυτάτους
566 448 622 513 καί
651 448 866 530 τιμιωτάτους
896 459 965 515 τῶν
996 453 1200 535 βουλευτῶν,

181 550 231 634 οἷς
258 555 295 622 ἐκ
321 567 389 620 τῶν
416 557 565 640 πατρίων
593 553 743 637 ἐθισμῶν
771 556 827 620 καί
856 553 946 622 τοῦτ’
971 555 1200 624 ἀποδεδόσθαι

179 665 217 728 τὸ
236 662 349 750 γέρας,
371 662 451 728 οὐδὲ
469 665 547 739 τοὺς
566 658 610 726 δι’
623 661 769 741 ὑποψίας
787 663 886 740 ὄντας
905 665 994 749 παρὰ
1012 674 1081 742 τοῖς
1099 665 1200 750 δημο-

149 780 297 854 ιτικολς,
325 770 369 848 ὡς
396 769 497 835 οὐδὲν
524 769 609 854 ὑπὲρ
637 769 749 835 αὐτῶν
771 771 916 855 χρηστὸν
939 771 1016 836 οὔτε
1043 771 1201 855 λέγοντας
1325 859 1326 864 ¹

179 878 256 943 οῦτε
279 885 505 962 φρονοῦντας,
529 873 600 942 ἀλλ’
619 875 655 942 ἐκ
677 887 745 942 τῶν
765 876 936 962 νεωτέρων
959 881 1037 956 τοὺς
1061 879 1284 946 δοκοῦν-2299

178 1007 237 1062 τας
260 978 347 1050 εἶναι
370 984 663 1068 φιλοδημοτάτους.
1325 973 1326 976 ¹

250 1090 382 1156 LVIIH.
401 1089 640 1176 ’Τποσχόμενος
668 1091 706 1156 δέ
733 1101 837 1156 ταῦτα
863 1093 918 1158 καί
942 1093 1023 1170 δοὺς
1045 1091 1200 1171 ἐξουσίαν

178 1207 249 1275 τοῖς
285 1197 502 1282 βουλομένοις
538 1197 658 1282 λέγειν,
700 1197 812 1283 ἐπειδὴ
851 1200 927 1265 οῦτε
962 1203 1200 1284 κατηγορήσων

135 1328 160 1367 ιο
179 1301 249 1370 οὔτ’
273 1304 562 1391 ἀπολογησόμενος
592 1305 704 1382 οῦδείς
733 1305 818 1391 ὑπὲρ
847 1314 908 1371 τοῦ
935 1308 1041 1389 νόμον
1069 1288 1200 1397 παρῄει,

178 1413 359 1498 παρελθὼν
396 1407 498 1490 αὖθις
534 1410 640 1500 ἐρωτᾷ
675 1423 810 1498 πρῶτον
849 1413 1045 1498 Οὐαλέριον,
1085 1415 1120 1478 τί
1153 1425 1199 1500 τῷ

177 1530 279 1608 κοινῷ
307 1519 485 1604 συμφέρει,
513 1519 568 1583 καί
594 1521 629 1585 τί
654 1523 901 1604 προβουλεῦσαι
928 1530 998 1597 τοῖς
1025 1519 1200 1606 συνέδροις

139 1627 341 1712 2παραινελ.
388 1625 405 1690 ὁ
434 1621 465 1689 δ’
484 1624 628 1702 ἀναστάς
654 1627 710 1692 καὶ
737 1630 883 1704 πολλοὺς
910 1625 1092 1705 διεξελθὼν
1114 1627 1199 1714 ὑπὲρ
1256 1697 1258 1700 ,

179 1733 282 1798 αὑτοῦ
310 1755 345 1796 τε
372 1733 428 1797 καί
454 1741 523 1796 τῶν
545 1735 722 1817 προγόνων
746 1736 866 1818 λόγους
894 1736 938 1812 ὡς
965 1733 1019 1800 ἐπὶ
1046 1747 1091 1821 τῶ
1118 1751 1198 1817 συμ-

135 1861 160 1900 ιε
179 1837 319 1925 φέροντι
341 1847 399 1922 τῆς
421 1840 547 1915 πόλεως
569 1848 629 1904 τοῦ
653 1841 833 1923 δημοτικοῦ
856 1841 978 1927 μέρους
1003 1841 1200 1926 προϊσταμέ-

178 1970 260 2030 νων,
293 1945 349 2010 καί
380 1946 711 2030 καταριθμησάμενος
743 1947 890 2024 ἀπαντας
922 1946 955 2026 ἐξ
988 1947 1090 2034 ἀρχῆς
1121 1951 1200 2026 τοὺς

178 2055 401 2138 κατασχόντας
433 2053 494 2138 την
526 2054 626 2118 πόλιν
657 2055 838 2132 κινδύνους
870 2053 906 2120 ἐκ
937 2065 1004 2120 τῶν
1040 2055 1200 2121 τάναντία

178 2159 456 2244 πολιτευομένων,
482 2169 553 2237 τοῖς
574 2159 604 2224 τ’
621 2159 776 2246 ἀπεχθῶς
799 2160 953 2246 ἐσχηκόσι
975 2163 1059 2246 πρὸς
1081 2164 1118 2228 τὸ
1142 2163 1200 2247 δη-

177 2268 314 2349 μοτικὸν
351 2267 475 2332 ἀπασιν
512 2267 701 2344 ἀλυσιτελὲς
737 2271 918 2352 γενόμενον
951 2267 1125 2347 ἀποδείξας
1161 2271 1199 2334 τὸ

133 2395 159 2434 εο
177 2374 374 2457 μισόδημον,
398 2372 555 2452 ἐπαίνους
573 2399 608 2440 τε
626 2378 772 2453 πολλοὺς
792 2377 868 2462 περὶ
890 2385 950 2441 τοῦ
975 2376 1081 2461 δήμου
1105 2397 1199 2460 ποιη-

178 2481 334 2562 σάμενος,
364 2480 408 2556 ὡς
431 2481 625 2547 αἰτιωτάτου
649 2493 689 2568 τῇ
712 2485 807 2548 πόλει
829 2485 1006 2568 γεγονότος
1029 2484 1069 2550 οὐ
1093 2485 1199 2566 μόνον

177 2596 235 2670 τῆς
262 2587 472 2671 ἐλευθερίας,
500 2587 583 2652 ἀλλά
610 2589 665 2653 καί
692 2598 749 2672 της
775 2590 967 2674 ἡγεμονίας,
1000 2587 1071 2656 ἐπεί
1095 2600 1282 2656 ταῦταεεοο

177 2693 233 2759 καί
264 2696 478 2778 παραπλήσια
509 2694 639 2770 τούτοις
669 2694 837 2780 διεξῆλθε,
867 2701 1030 2763 τελευτῶν
1060 2695 1124 2782 ἐφη
1154 2699 1198 2782 μη

178 2801 348 2866 δύνασθαι
377 2801 477 2865 πόλιν
507 2798 692 2886 ἐλευθέραν
722 2794 822 2886 εἶναι,
855 2801 888 2881 ἐξ
918 2801 957 2888 ἧς
987 2805 1029 2869 ἀν
1058 2827 1108 2882 τις
1137 2807 1199 2890 την

132 2881 301 3008 {glomi
327 2905 440 2998 ἀνέλη·
474 2904 538 2992 ἐφη
571 2930 606 2972 τε
636 2907 748 2973 δοκεῖν
778 2906 884 2995 ἑαυτῷ
913 2911 973 2975 τὸν
1002 2911 1064 2993 μὲν
1093 2913 1199 2994 νόμον

250 3071 264 3118 1
284 3063 473 3134 *κατάγεινΟ
492 3081 543 3134 pro
562 3064 693 3130 κατάξειν
710 3064 860 3136 Sylburgio
874 3068 998 3136 positum
1011 3069 1199 3124 videturesse

178 3135 224 3189 ἐπί
242 3139 276 3207 τῇ
294 3134 585 3205 ἐρωτήσει-καλέσαι
598 3137 714 3204 Εείελτε,
733 3134 859 3193 καλέσειν
874 3141 902 3208 (ί)
920 3138 1007 3194 Cobet
1023 3139 1088 3194 obs.
1103 3159 1130 3210 p.
1147 3148 1198 3196 212

177 3207 248 3260 mihi
262 3207 377 3274 quidem
388 3210 502 3294 Ιοελεεειο
517 3209 694 3293 οορίεοέυεεε
708 3209 805 3294 ἱεείλωε
819 3209 950 3266 videntur
964 3227 1032 3278 esse,
1047 3211 1199 3280 Dionysius
1225 3284 1229 3291 ι
1325 3241 1326 3300 η

177 3275 340 3347 καταλέγειν
353 3279 477 3347 πείθευ,
492 3279 660 3336 bestlmmen
674 3283 788 3350 sonpmt
847 3287 862 3335 3
882 3279 1051 3337 ἀποδίδοται
1065 3300 1087 3338 c.
1098 3283 1199 3338 Portus
1325 3301 1326 3312 ¹

179 3353 213 3402 18
231 3347 469 3420 πεπολιτευμένων
493 3369 515 3406 ο.
535 3353 638 3408 Reiske
712 3357 745 3406 19
764 3351 929 3419 ἀποδείξωσι
948 3354 970 3409 Ο
992 3371 1060 3410 corr.
1077 3354 1200 3426 Sylburg

180 3425 213 3474 23
232 3420 269 3490 μὴ
288 3437 341 3473 om.
361 3421 439 3474 LVM
519 3429 553 3478 24
576 3419 651 3478 εἶναι
675 3441 727 3478 om.
750 3423 828 3477 LVM
858 3425 861 3497 λ
891 3425 941 3496 τὴν
960 3423 1074 3494 ἰσότητα
1093 3424 1129 3481 δν
1148 3427 1199 3481 ἐᾶν

179 3491 258 3545 LVM
276 3507 345 3546 corr.
361 3491 520 3560 Stephanus
