2668 3922
150 198 217 264 264
568 227 602 236 -
639 199 684 250 ΙΕ
720 225 754 236 -

99 323 215 405 1ομον
238 319 308 388 οὔτ’
326 324 456 408 ἄπορον
478 321 580 388 οὐδέν
602 319 673 388 οὔτ’
692 323 884 388 ἀντίπαλον.
934 327 1077 388 Τοιαῦτα
1100 323 1171 386 δια-

150 431 323 514 λεγόμενοι
345 430 429 516 πρὸς
450 427 615 514 ἀλλήλους
638 429 746 514 ὀλίγοι
769 429 830 512 μὲν
848 430 889 496 τὰ
907 440 1036 515 πρῶτα,
1059 426 1171 495 ἔπειτα

149 538 285 613 πλείους
311 532 463 620 ἔγνωσαν
487 535 666 622 ἐπιχειρεῖν
689 546 760 614 ταῖς
782 538 900 603 πόλεσι
921 536 977 602 καλ
1000 535 1043 602 δι’
1061 537 1171 622 ὅρκων

149 641 307 708 ἐδίδοσαν
330 643 485 728 ἀλλήλοις
511 645 549 709 τὸ
576 645 704 711 πιστόν.
750 639 881 728 ἔφθασε
907 643 1028 728 δὲτὴν
1051 642 1171 730 ἐπιγεί-

119 769 131 810 ι
151 766 249 834 ριγσιν
267 750 378 815 αὐτῶν
396 750 444 826 είς
462 750 652 835 τούμφανές
674 750 846 836 ἀγαγοῦσα
867 753 1020 836 μήνυσις,
1042 751 1085 834 ἣν
1103 760 1171 816 τῶν

150 856 410 938 συνομοσάντων
432 855 520 934 τινὲς
547 855 745 942 ἐποιήσαντο
773 859 856 943 πρὸς
883 858 943 923 τὸν
966 856 1081 942 ἕτερον
1103 867 1171 922 τῶν

148 963 286 1029 ὑπάτων
313 964 480 1050 Μάρκιον,
513 955 541 1051 ᾦ
572 964 632 1030 τὸν
657 965 741 1030 κατὰ
767 969 947 1031 Σαυνιτῶν
977 965 1124 1046 πόλεμον
1152 962 1170 1028 ὁ

149 1075 270 1156 κλῆρος
298 1069 483 1154 ἀπένειμεν,
509 1071 574 1154 ἤδη
601 1073 829 1156 παρειληφότα
855 1073 915 1148 τὰς
940 1069 978 1137 ἔν
1003 1079 1043 1156 τῇ
1067 1067 1171 1160 Ῥώμῃ

148 1178 415 1262 καταγραφείσας
438 1176 597 1261 δυνάμεις
618 1177 675 1242 καί
697 1177 778 1243 ὄντα
801 1176 839 1243 ἔν
862 1177 938 1264 ὁδῷ.
984 1176 1002 1242 ὁ
1026 1176 1064 1242 δὲ
1086 1175 1171 1242 ὕπα-

105 1304 131 1344 ιο
149 1306 206 1361 τος
246 1282 498 1369 ἀπροσδοκήτου
539 1284 595 1350 καί
635 1285 750 1350 δεινοῦ
791 1284 982 1370 πράγματος
1026 1283 1171 1360 ἀνιούσας

149 1385 259 1475 ἔκρινε
276 1390 321 1475 μὴ
340 1388 461 1468 δείξειν
479 1392 517 1456 τὸ
540 1400 676 1477 πρᾶγμα
697 1387 773 1476 μηδ’
792 1389 917 1457 είδέναι
940 1391 1063 1474 δοκεῖν,
1086 1387 1171 1455 ἀλλὰ

149 1494 193 1562 δι’
212 1496 338 1582 ἀπάτης
359 1498 451 1574 τινὸς
472 1496 529 1562 καί
552 1501 749 1583 στρατηγίας
771 1502 920 1564 κωλῦσαι
941 1498 982 1562 τὰ
1003 1498 1171 1580 σνμβησό·

97 1603 136 1666 11
148 1627 232 1686 μενα
254 1615 326 1682 ταῖς
348 1606 495 1670 πόλεσιν.
532 1603 729 1682 ἀποστείλας
751 1605 793 1689 δή
814 1627 907 1682 τινας
930 1604 996 1686 ἀμα
1018 1612 1088 1680 τοῖς
1110 1628 1171 1688 μη-

148 1720 265 1787 νυταῖς
299 1714 586 1788 κατασκευαστοὺς
627 1712 675 1788 είς
712 1713 770 1790 τὰς
806 1714 918 1788 πόλεις
953 1711 1035 1797 πρίν
1071 1710 1172 1788 αὐτὸς

104 1835 130 1876 ιι
148 1814 275 1900 ἐλθεῖν,
293 1818 538 1902 προσεσκεύασε
556 1816 715 1901 λέγεσθαι
733 1820 816 1904 πρὸς
833 1820 912 1896 τοὺς
927 1815 1051 1896 ἐντοῖς
1066 1838 1171 1904 παρα-

147 1925 345 2008 χειμασίαις,
373 1924 424 1990 ὅτι
450 1926 509 2002 τάς
535 1925 596 2008 μέν
624 1926 776 2011 φρουρὰς
803 1921 888 2009 ἔγνω
916 1931 1109 1991 καταλιπεῖν
1132 1923 1170 1991 ἔν

147 2039 220 2108 ταῖς
246 2032 362 2096 πόλεσι
388 2033 446 2110 τὰς
472 2034 547 2098 τότε
575 2033 691 2116 οῦσας,
719 2029 832 2118 ἐπειδὴ
860 2031 1078 2117 βουλομένοις
1100 2030 1171 2098 ἐστὶ

147 2147 218 2216 τοῖς
235 2142 432 2222 Καμπανοῖς
455 2139 558 2216 αὐτὰς
579 2138 703 2223 μένειν,
728 2148 768 2226 τῇ
793 2139 825 2204 δ’
842 2140 980 2206 οἴκοθεν
1003 2137 1171 2229 ἀφιγμένῃ

148 2247 214 2310 σὺν
250 2245 340 2332 αὐτῷ
377 2245 518 2328 δυνάμει
553 2251 711 2328 πολεμεῖν
743 2247 828 2332 πρὸς
859 2248 1030 2324 Σαυνίτας
1065 2266 1171 2332 παρα-

104 2368 130 2408 ²⁰
149 2351 353 2436 σκευάζεται,
393 2349 450 2418 καί
488 2349 619 2419 ἔπεισεν
655 2353 803 2430 ἅπαντας
837 2361 941 2419 ταῦτα
976 2352 1170 2437 ὑπολαβεῖν.

97 2454 138 2518 12
149 2445 350 2542 ἀφικόμενος
377 2459 415 2524 δὲ
442 2460 490 2536 εἰς
516 2460 578 2544 τὴν
600 2463 803 2543 Καμπανίαν
826 2461 907 2543 μετὰ
933 2471 992 2546 τῆς
1015 2469 1171 2547 στρατιᾶς

149 2563 277 2648 ἀπάσης
309 2566 357 2643 είς
388 2563 529 2650 ἑκάστην
558 2563 679 2656 παρῄει
709 2569 808 2632 πόλιν
837 2567 893 2634 καί
922 2568 1001 2644 τοὺς
1030 2565 1069 2632 ἔν
1098 2576 1170 2644 ταῖς

149 2681 314 2757 φρουραῖς
333 2672 601 2755 ἀνακαλούμενος
619 2671 784 2758 διέκρινεν
803 2672 959 2739 ἁπάντων
977 2675 1056 2751 τοὺς
1074 2696 1170 2756 μετα-

220 2886 236 2935 5
256 2882 296 2944 είς
314 2881 437 2952 ἐμφανὲς
455 2882 516 2936 Εεο.
541 2882 581 2945 είς
598 2882 758 2951 τούμφανὲς
780 2884 907 2939 consulto
924 2883 1016 2939 Foder
1035 2899 1070 2939 ne
1090 2883 1169 2950 lexit,

147 2953 471 3079 ‘ffiffiheffiffim
489 2951 1170 3082 λελέλλ“1ἔεὲλιλ“λλιῖ“ιῖὲῖ

147 3040 171 3150 ἔ.
188 3100 203 3148 9
223 3094 292 3150 ὄντα
311 3096 506 3165 corrigendum
521 3043 581 3151 εεέε
596 3067 690 3152 οουέεῖ
745 3103 777 3151 11
797 3095 901 3164 ’λέξειν
917 3047 989 3165 Εεά,
1004 3046 1168 3153 υέφοωωίωο

147 3167 307 3221 necessaria
325 3167 485 3222 emendatio
504 3165 597 3233 λέξαιλ
615 3168 772 3238 interrogat
789 3169 891 3235 Podar,
911 3166 1018 3239 ἐλέγξαι
1038 3185 1061 3224 ο.
1081 3167 1169 3224 Cobet

148 3237 213 3292 Obs.
239 3255 268 3306 p.
289 3243 349 3305 215,
376 3255 428 3308 ego
454 3235 555 3304 δείξειν
580 3239 610 3293 in
632 3242 741 3294 textum
764 3240 858 3308 recepi
892 3240 895 3312 λ
929 3237 992 3310 μήτ’
1013 3240 1075 3295 Εεο.
1099 3238 1165 3310 μηδ’

147 3308 291 3378 Kiessling
345 3315 379 3363 14
398 3309 501 3372 αάτοῦς
514 3309 575 3366 Εεο,
590 3307 675 3373 αὐτὸς
688 3311 779 3365 Feder
794 3307 880 3366 αάτδν
894 3311 996 3366 ΜιλΠεε
1047 3315 1080 3365 15
1099 3330 1169 3379 προ-

148 3379 337 3448 παρεσκείαοε
361 3397 384 3435 c.
403 3381 546 3452 Kiessling
623 3388 655 3436 1⁷
676 3381 736 3436 ἐπεῖ
755 3381 785 3436 δέ
804 3382 866 3437 Εεο.
885 3381 981 3453 ἐπειδὴ
999 3382 1090 3438 Feder
1107 3381 1169 3438 ἐπεί

148 3471 178 3520 γε
197 3451 300 3506 Mflller
371 3456 405 3505 20
425 3451 544 3525 ἔπεισεν]
564 3452 678 3508 ἔπεισαν
696 3453 799 3508 Mfiller
