2668 3922
556 250 590 258 -
627 222 668 273 ῙΑ
704 249 738 258 -
1092 221 1158 286 203

134 346 268 430 γνώμας
308 343 444 432 ἐρωτᾶν,
486 344 559 430 μήτ’
591 342 647 410 ἀπ’
679 343 759 428 ἐμοῦ
801 343 948 432 άρξησθε
988 341 1061 430 μήτ’
1094 343 1158 410 άπὸ

52 467 124 518 2294
134 455 297 520 Κοιντίου
338 452 435 518 τουδί
476 447 548 536 μήτ’
584 451 639 517 ὐπ’
671 453 773 518 άλλου
815 462 882 517 τῶν
923 451 1159 538 πρεσβυτέρων

133 561 291 644 μηδενός,
319 555 392 625 ἀλλ’
411 555 476 624 ἀπὸ
500 568 560 625 τοῦ
585 559 852 644 φιλοδημοτάτου
875 569 943 625 τῶν
966 561 1158 642 βουλευτῶν

134 668 282 732 Λευκίου
309 667 508 751 Οὐαλερίου,
530 666 586 732 καί
608 668 689 749 μετά
712 676 833 732 τοῦτον
857 663 988 744 ἀξιοῦτε
1007 664 1158 752 Ὁράτιον

135 773 167 838 εί
186 796 219 838 τι
241 773 398 856 βούλεται
421 772 538 856 λέγειν.
581 773 662 839 ὅταν
681 773 719 838 δέ
741 775 799 850 τδς
821 770 899 858 παρ’
917 771 1055 839 ἐκείνων
1072 776 1158 858 γνώ-
1190 795 1202 835 τ

134 904 196 962 μας
219 877 405 964 έξετάσητε,
435 882 508 946 τότε
531 882 609 958 τούς
632 880 879 967 πρεσβυτέρους
901 881 986 965 ἡμᾶς
1008 881 1158 946 κελεύετε

135 986 251 1070 λέγειν.
298 985 362 1071 ἐγὼ
390 987 452 1070 μὲν
475 981 539 1053 οὐν
561 988 623 1072 τὴν
646 985 906 1071 ἐναντιουμένην
928 987 1065 1072 γνώμην
1088 987 1197 1065 τολςῖ)

135 1094 315 1179 δημάρχοις
333 1090 549 1177 ἀποδείξομαι
567 1094 655 1185 πάση
673 1104 713 1180 τῇ
736 1096 904 1181 παρρησία
926 1095 1095 1180 χρώμενος
1113 1133 1158 1142 -

134 1201 227 1266 τουτί
245 1203 309 1285 γάρ
328 1212 374 1288 τῷ
392 1211 495 1287 κοινῷ
515 1200 678 1286 συμφέρει
691 1239 736 1248 -
749 1202 787 1266 τὸ
805 1201 842 1266 δὲ
858 1201 935 1287 περὶ
950 1213 1018 1267 τῶν
1031 1202 1158 1287 χιλιάρ-

134 1333 202 1393 χων
221 1310 417 1392 πολίτευμα,
437 1309 467 1373 εί
485 1309 703 1391 βουλομένοις
721 1307 823 1392 ἐστίν,
842 1309 1042 1392 εἰσηγείσδω
1062 1312 1157 1387 Τίτος
1176 1331 1202 1370 ιο

135 1419 161 1481 Ι
165 1415 296 1491 ενύκιος
316 1409 426 1492 οὗτος·
451 1416 706 1500 πρεπωδεστάτη
728 1417 792 1502 γδιρ
814 1416 835 1500 η
859 1417 973 1500 γνώμη
996 1417 1052 1482 καί
1074 1416 1157 1482 ὐπο-

133 1524 217 1601 ψίαν
237 1521 354 1605 ἥκιστα
377 1521 565 1606 παρέξουσα
588 1518 710 1607 γένοιτ’
729 1523 782 1607 άν,
805 1521 865 1588 ἐάν
888 1518 986 1600 οὗτος
1009 1524 1114 1609 αὐτὴν
1138 1523 1156 1589 δ

135 1629 193 1704 σὸς
223 1624 383 1712 ἀδελφός,
413 1625 439 1694 ὦ
469 1629 589 1715 Μάρκε
620 1629 774 1714 Γενύκιε,
806 1629 894 1720 λέγη.
943 1626 1072 1696 Ἐδόκει
1101 1631 1195 1696 καδ6

134 1743 237 1800 ταῦτα
261 1734 372 1820 ὀρθῶς
390 1735 631 1820 ὑποτίθεσθαι,
654 1737 710 1802 καὶ
733 1738 766 1802 οἱ
788 1737 850 1820 μέν
869 1735 1018 1828 ἀπῄεσαν
1036 1736 1073 1804 ἐκ
1095 1747 1156 1804 τοῦ

135 1843 316 1925 συλλόγου,
344 1852 414 1920 τοῖς
442 1843 480 1908 δέ
507 1843 687 1930 δημάρχοις
715 1843 789 1921 δέος
813 1842 966 1910 ἐνέπιπτε
988 1846 1072 1931 πρὸς
1094 1847 1156 1930 τὴν
1175 1867 1201 1907 ιτ

134 1945 324 2035 ἀπόρρητον
351 1959 419 2014 τῶν
447 1946 583 2038 ἀνδρῶν
610 1952 797 2018 συνουσίαν
820 1951 865 2028 ὡς
891 1950 946 2016 ἐπὶ
973 1963 1062 2038 κακῷ
1090 1975 1157 2017 τινι

133 2065 192 2122 τοῦ
223 2057 330 2141 δήμου
360 2057 490 2145 μεγάλῳ
520 2057 716 2142 γενομένην,
746 2056 859 2141 ἐπειδὴ
887 2057 958 2122 κατ’
982 2060 1092 2123 οἰκίαν
1121 2082 1157 2124 τε

52 2165 378 2249 ναεοσννηδρευσαν,
402 2164 475 2229 ἀλλ’
492 2165 555 2230 οὐκ
573 2163 611 2230 ἐν
629 2174 675 2252 τῷ
695 2173 845 2252 φανερῷ,
869 2164 924 2229 καί
943 2163 1066 2229 οὐδένα
1089 2175 1156 2230 τῶν

132 2273 385 2357 προεστηκότων
407 2280 467 2336 τοῦ
496 2273 603 2356 δημου
632 2272 798 2336 κοινωνὸν
824 2281 892 2336 τῶν
919 2271 1156 2355 βουλευμάτων

133 2377 334 2464 παρέλαβον,
361 2378 416 2443 καί
443 2379 524 2460 μετδι
550 2385 649 2443 τοῦτο
674 2376 853 2464 συνέδριον
877 2377 972 2442 αὐτοί
995 2377 1097 2444 πάλιν
1119 2377 1156 2445 ἐκ
1174 2400 1200 2440 ιο

132 2496 201 2550 τῶν
223 2484 499 2569 φιλοδημοτάτων
522 2486 769 2570 συναγαγόντες
796 2480 981 2570 άλεξηματα
1007 2486 1062 2552 καί
1092 2511 1156 2572 φυ-

133 2594 235 2670 λακάς
258 2588 532 2677 ἀντεμηχανῶντο
556 2593 640 2677 πρὸς
662 2593 720 2670 τάς
743 2591 937 2676 ἐπιβουλάς,
967 2591 1006 2670 ἃς
1029 2591 1065 2659 ἐκ
1088 2604 1156 2660 τῶν

133 2701 316 2787 πατρικίων
339 2695 476 2764 έσεσδαι
500 2700 618 2782 σφίσιν
640 2699 847 2766 ὑπώπτευον.

205 2824 303 2892 LVII.
330 2822 385 2901 Ὡς
415 2824 452 2889 δέ
481 2830 631 2909 καθῆκεν
661 2825 679 2890 δ
709 2826 845 2911 χρόνος,
878 2823 915 2891 έν
945 2816 973 2913 ηδ
1004 2826 1042 2890 τὸ
1075 2845 1155 2909 προ-

134 2931 303 3015 βούλευμα
326 2929 394 2997 έδει
416 2931 591 3016 γενέσθαι,
615 2931 877 3016 συγκαλέσαντες
900 2933 933 2997 οἱ
954 2930 1076 2996 ὐπατοι
1094 2933 1155 3016 την
1174 2951 1199 2992 ει

134 3039 262 3122 βουλὴν
279 3039 335 3105 καί
357 3040 482 3116 πολλάς
504 3038 590 3125 ὑπὲρ
613 3038 770 3121 ὁμονοίας
792 3039 847 3104 καί
866 3039 1043 3121 εὐκοσμίας
1061 3059 1155 3124 ποιη-

207 3272 221 3320 1
241 3265 364 3336 ἄρξησθε
378 3268 434 3322 VM
453 3267 608 3336 άρξεσδεΙι
628 3267 754 3336 άρξασδε
772 3268 856 3338 vulgo
876 3269 911 3322 of.
926 3267 1074 3323 Baumann
1089 3268 1154 3323 obs.

135 3353 222 3408 gram.
230 3356 258 3408 p.
267 3344 301 3392 68
353 3344 385 3393 10
400 3340 576 3409 εἰσηγεῖσθαι
586 3339 608 3393 Ο
619 3355 688 3393 corr.
696 3339 799 3394 Reiske
851 3346 883 3394 11
894 3340 988 3394 οὐτοσὶ
999 3356 1021 3396 ο.
1030 3340 1154 3394 Reudler

134 3409 310 3536 Tffoe'hp'ff
386 3417 418 3465 1⁷
437 3411 568 3485 τῷδήμῳ
588 3409 610 3465 Ο
628 3409 834 3481 corr.Sylburg
907 3415 940 3465 18
959 3409 1017 3466 ἀλλ’
1036 3412 1087 3466 οὐκ
1106 3411 1154 3465 LV

134 3501 171 3534 κα
202 3499 253 3535 οκ
