2654 3916
551 243 584 252 -
623 215 666 266 IE
703 243 736 253 -
1089 217 1154 282 269

136 339 276 421 δυνάμει
302 339 358 404 καί
384 348 424 425 τῇ
457 341 547 424 παρά
576 344 755 404 Σαυνιτῶν
788 339 969 432 ἀφεξομένη
1001 343 1173 429 βοηθείᾳ,

136 449 296 531 ναυτικήν
325 443 354 510 τ’
380 447 478 532 ἰσχὺν
508 445 804 532 προσληψομένους
834 444 894 525 ἔξω
927 457 984 532 τῆς
1016 446 1154 532 έαυτῶν,

134 553 178 636 ἣν
205 558 405 639 Ταραντῖνοι
427 552 627 638 πέμψουσιν,
654 551 714 619 έδιν
737 555 801 640 άρα
827 555 884 620 καὶ
909 555 1031 641 ταύτης
1054 554 1155 621 δέων-

135 681 203 743 ται,
226 661 354 745 πολλὴν
376 661 432 726 καί
456 660 597 745 ἀγαθήν.
636 661 740 728 Vrsin.

207 765 262 832 VI.
288 765 338 855 (6)
365 769 602 852 Συναχθείσης
632 767 670 833 δὲ
698 778 756 852 τῆς
785 771 910 854 βουλῆς
938 768 995 834 καί
1021 774 1155 835 πολλῶν
1187 793 1200 834 ε

136 873 311 959 ῥηθέντων
329 872 367 939 ἐν
385 873 469 960 αὐτῇ
493 876 613 959 λόγων,
637 874 696 952 οὓς
719 875 811 940 αἵτε
834 879 1007 960 πρεσβεῖαι
1029 874 1156 960 διεξηλ·

135 986 204 1046 θον
223 980 280 1046 καί
302 982 335 1046 οί
358 982 641 1068 συναγορεύοντες
664 983 794 1066 αύταίς,
818 981 995 1066 διέστησαν
1013 984 1048 1049 αἱ
1070 993 1156 1068 χνῶ-

135 1110 194 1169 μαι
229 1097 297 1153 τῶν
329 1087 513 1173 συνέδρων,
549 1088 604 1154 καί
641 1089 677 1153 οἵ
709 1111 747 1172 χε
779 1087 986 1174 χαριέστατοι
1017 1093 1057 1156 τά
1088 1102 1156 1157 τῶν

52 1191 298 1276 κδιλῬωμαίων
316 1191 435 1273 ἔδοξαν
454 1205 603 1280 φρονεῖν.
641 1193 772 1280 ἐκείνην
789 1195 851 1278 μὲν
870 1191 933 1263 οὖν
951 1199 1013 1282 τὴν
1032 1198 1157 1286 ἡμέραν
1175 1200 1196 1265 2

137 1300 238 1366 οὐδὲν
270 1298 431 1387 ἐξηνέχθη
463 1303 713 1387 προβούλευμα,
750 1304 798 1380 είς
833 1301 950 1388 ἑτέραν
982 1305 1020 1370 δέ
1055 1306 1156 1372 πάλιν
1175 1329 1201 1370 ιο

137 1406 240 1492 ἕδραν
263 1406 509 1492 ἀναβληθείσης
535 1419 594 1494 τῆς
618 1409 695 1496 περί
717 1420 785 1476 τῶν
806 1414 993 1496 πρεσβειῶν
1016 1413 1157 1496 διαγνῶ-

137 1530 230 1598 σεοος,
253 1513 450 1599 ἀφικόμενοι
471 1517 554 1580 κατὰ
576 1520 707 1600 πλῆθος
730 1519 778 1595 είς
795 1520 857 1602 τὴν
874 1519 1048 1585 Νεάπολιν
1065 1524 1157 1586 Σαυ-

136 1631 238 1706 νιτῶν
275 1622 308 1686 οί
344 1622 568 1688 δυνατώτατοι
603 1624 659 1689 καλ
694 1627 773 1702 τοὺς
809 1628 1051 1711 προεστηκότας
1089 1637 1157 1693 τῶν

136 1739 260 1794 κοινῶν
288 1731 483 1814 θεραπείαις
511 1730 600 1796 τισλν
630 1731 878 1816 ολκειωσάμενοι
907 1735 1067 1800 πείθουσι
1095 1735 1157 1820 τὴν

137 1837 265 1920 βουλὴν
296 1833 352 1902 ἐπὶ
382 1847 427 1924 τῷ
459 1837 551 1926 δημφ
583 1847 719 1924 ποιῆσαι
750 1840 812 1923 την
839 1849 899 1906 τοῦ
927 1841 1158 1926 συμφέροντος
1175 1862 1201 1903 τε

137 1943 274 2028 αἵρεσιν.
320 1943 376 2009 καί
403 1947 629 2029 παρελθόντες
656 1947 704 2023 είς
731 1947 792 2030 τὴν
820 1945 997 2030 ἐκκλησίαν
1024 1949 1196 2032 πρῶτον3

136 2049 198 2130 μὲν
220 2052 278 2128 τὰς
301 2049 429 2116 έαυτῶν
453 2051 642 2137 εὐεργεσίας
666 2049 849 2141 διεξῄεσαν,
873 2049 985 2117 ἔπειτα
1007 2063 1065 2136 τῆς
1083 2051 1157 2119 Ῥω-

137 2159 243 2238 μαίων
267 2159 393 2234 πόλεως
415 2159 523 2222 πολλά
544 2159 764 2242 κατηγόρουν,
792 2157 836 2234 ὡς
859 2157 1000 2224 ἀπίστου
1023 2159 1078 2224 καί
1102 2161 1158 2225 δο-

138 2265 227 2346 λίου,
246 2269 462 2340 τελευτῶντες
487 2263 525 2328 δὲ
551 2271 612 2327 τοῦ
637 2264 739 2346 λόγου
762 2266 958 2346 θαυμαστὰς
981 2264 1156 2332 ἐποιοῦντο

137 2378 206 2444 τοίς
237 2371 462 2446 Νεαπολίταις
494 2367 704 2453 ὑποσχέσεις,
740 2368 800 2436 ἐὰν
836 2373 884 2448 είς
920 2373 980 2437 τὸν
1011 2374 1157 2456 πόλεμον
1175 2395 1201 2436 so

136 2486 331 2558 καταστῶσι,
354 2477 513 2560 στρατιάν
530 2499 565 2541 τε
583 2474 736 2560 πέμψειν,
759 2477 838 2562 ὅσης
861 2477 904 2544 ἀν
922 2478 1073 2565 δέωνται,
1095 2482 1157 2565 την

138 2581 354 2666 φυλάξουσαν
373 2581 484 2648 αὐτῶν
502 2583 542 2648 τά
564 2585 665 2668 τείχη,
688 2584 743 2649 καί
766 2594 837 2662 ταίς
859 2587 982 2652 ναυσίν
1001 2583 1157 2671 ἐπιβάτας

55 2706 127 2758 2318
137 2690 192 2755 καὶ
219 2691 281 2774 τὴν
309 2691 455 2775 εἰρεσίαν
482 2689 614 2756 ἅπασαν
641 2689 806 2776 παρέξειν,
836 2693 877 2758 ού
904 2695 1011 2776 μόνον
1037 2717 1156 2778 καταχ-

137 2797 311 2880 μέλλοντες
346 2807 417 2874 τοῖς
449 2798 547 2875 ἰδίοις
583 2799 835 2884 στρατεύμασιν,
873 2800 957 2866 ἀλλὰ
992 2801 1157 2878 κάκείνοις

138 2903 265 2980 ἁπάσας
288 2905 346 2981 τάς
369 2905 416 2981 είς
438 2906 584 2988 πόλεμον
607 2905 756 2984 δαπάνας
779 2905 1066 2992 ἐπιχορηγοῦντες·
1096 2907 1157 2973 ἀπ·
1174 2880 1215 2945 4*

139 3009 319 3092 ωσαμένοις
337 3033 372 3075 τε
390 3011 427 3076 τὸ
445 3008 623 3094 Ῥωμαικὸν
642 3012 827 3098 στράτευμα
845 3014 965 3098 Κύμην
982 3010 1010 3078 τ’
1029 3013 1157 3080 ἀνασώ-
1175 2968 1201 3010 ²⁶

210 3191 224 3238 1
250 3184 482 3260 ἀφανιζομένηΟ
508 3185 663 3260 ἀφεξομένη
688 3204 757 3244 corr.
776 3187 894 3243 Ursinus
971 3195 987 3243 ὅ
1011 3189 1042 3244 δὲ
1064 3198 1113 3261 τῆς
1130 3189 1157 3243 V

138 3252 189 3311 ούν
206 3264 255 3326 τῆς
273 3255 299 3310 X
317 3257 426 3329 (BMP)
500 3265 532 3312 17
552 3257 690 3325 διεξίεσαν
709 3259 731 3314 Ο
751 3275 820 3315 corr.
837 3259 960 3330 Sylburg
980 3261 1014 3316 cf.
1034 3259 1085 3315 XV
1099 3267 1156 3328 Η

139 3327 172 3382 18
191 3326 325 3392 ἀπίστους
347 3331 396 3384 καί
419 3329 531 3393 δολίους
552 3330 574 3385 Ο
600 3346 669 3384 corr.
688 3330 806 3384 Ursinus
879 3335 912 3384 19
935 3333 1114 3395 τελευτῶντος
1133 3331 1155 3386 O

138 3417 207 3454 corr.
228 3399 349 3472 Sylburg
410 3407 444 3456 20
462 3403 527 3464 τους
545 3399 723 3464 Νεαπολίτας
742 3401 764 3457 Ο
784 3419 852 3456 corr.
872 3402 991 3456 Ursinus
1054 3410 1088 3457 24
1106 3403 1157 3458 κά-

138 3470 248 3535 κείνους
267 3471 289 3526 0
310 3489 379 3528 corr.
398 3472 516 3528 Ursinus
588 3479 622 3528 λῶ
641 3472 853 3544 έπιχορηχήσειν
873 3490 895 3528 ο.
910 3473 1014 3529 Reisks

1241 3793 1324 3882 ιι
1322 3721 1323 3776 μ
1321 907 1324 3702 Wf———QW-ffl-
