2668 3922
578 251 612 260 ··
650 224 690 275 ῙΑ
727 251 760 260 -
1117 222 1178 286 191

159 346 408 433 συντονωτέρας
444 347 546 424 ούσας
582 345 637 413 ἐπὶ
673 356 743 424 τοῖς
779 346 952 433 προτέροις
988 346 1125 430 ἀγῶσιν,
1162 346 1180 412 δ

158 455 316 533 πολλάκις
338 455 402 540 ήδη
427 453 559 537 συνέβη.
605 463 708 520 ταῦτα
731 453 994 537 βουλευσάμενοι
1017 452 1181 537 συνέσχον
1200 453 1220 518 3

157 565 236 639 τοὺς
259 562 399 647 ἀνδρας,
418 558 560 627 Ἀππίου
584 561 622 626 δὲ
643 561 844 647 Οὐεργίνιον
867 557 986 640 ἔταξαν
1004 561 1086 625 ἀνευ
1104 564 1181 645 κλή-

159 693 221 756 ρου
244 678 450 754 κατηγορεῖν.
494 667 739 752 εἰσαγγέλλεται
761 668 803 752 δή
826 669 907 751 μετὰ
929 677 1028 734 τοῦτο
1052 667 1099 744 εἰς
1121 667 1182 732 τὸυ

158 777 266 862 δῆμον
280 773 422 852 ’Ἄππιος
448 774 515 841 ὑπὸ
542 783 603 840 τοῦ
631 774 832 859 Οὐεργινίου
858 774 1100 859 κατηγορηθείς
1127 772 1182 839 ἐπὶ
1214 794 1226 836 ι

157 893 216 968 τῆς
253 881 428 967 ἐκκλησίας
467 883 523 948 καί
565 882 703 946 αἰτεῖται
738 883 863 967 χρόνον
899 883 947 959 εἰς
989 881 1181 964 ἀπολογίαν.

77 990 321 1076 τεῖοάπαχθείς
344 989 375 1054 δ’
393 991 441 1067 εἰς
462 991 500 1055 τὸ
524 989 761 1072 δεσμωτήριον,
785 987 842 1054 ἵνα
860 988 1065 1080 φυλάττηται
1087 987 1182 1073 μέχρι

159 1098 316 1182 δίκης-
335 1096 376 1162 ού
399 1098 463 1182 γάρ
487 1093 592 1178 ἐδόθη
621 1094 812 1182 διεγγύησις
836 1095 926 1184 αὐτῷ
944 1131 989 1142 -
1008 1095 1089 1182 πρίν
1112 1093 1182 1162 ἐπι-

158 1215 277 1290 στῆναι
299 1205 361 1288 τήν
385 1201 644 1287 ἀποδειχθεῖσαν
666 1201 793 1287 ἡμέραν
815 1211 873 1286 τῆς
895 1203 1034 1287 κρίσεως
1057 1201 1094 1268 ἐν
1112 1211 1182 1279 τοῖς

158 1312 292 1394 δεσμοῖς
320 1308 542 1395 ἀποθνήσκει,
570 1309 615 1386 ὡς
641 1308 703 1391 μέν
724 1309 745 1393 ἡ
768 1319 837 1374 τῶν
859 1314 994 1375 πολλῶν
1015 1309 1183 1393 ὑπόληψις
1201 1333 1227 1372 ιο

157 1414 201 1500 ήν
230 1415 264 1494 ἐξ
295 1414 451 1502 ἐπιταγῆς
479 1427 547 1481 τῶν
577 1415 766 1502 δημάρχων,
795 1417 841 1494 ὡς
869 1415 901 1481 δ’
923 1418 956 1482 οἰ
983 1417 1045 1501 τήν
1072 1418 1182 1482 αἰτίαν

159 1523 395 1589 ἀπολύσασθαι
434 1524 634 1607 βουλόμενοι
675 1523 880 1609 διεφήμιζον,
921 1523 1021 1602 αὐτὸς
1061 1522 1182 1590 ἑαυτὸν

159 1629 427 1715 ἀναρτησάμενος
456 1632 575 1718 βρόχφ.
625 1627 695 1712 μετ’
718 1628 847 1696 ἐκεῖνον
875 1633 1025 1717 Σπόριος
1042 1629 1222 1708 ’Όππιος4

159 1737 329 1821 εἰσαχθεὶς
360 1737 408 1814 εἰς
439 1737 499 1802 τὸν
531 1737 638 1822 δῆμον
669 1733 729 1821 ὑφ’
757 1735 872 1824 ἐτέρου
904 1749 972 1805 τῶν
1004 1739 1182 1823 δημάρχων

159 1845 315 1910 Ποπλίου
347 1845 563 1930 Νομιτωρίον
594 1844 651 1912 καί
682 1846 793 1930 τυχὼν
825 1845 1007 1930 ἀπολογίας
1040 1845 1182 1924 ἀπάσαις
1201 1866 1226 1907 ιι

159 1951 327 2018 ἁλίσκεται
353 1961 425 2029 ταῖς
451 1955 577 2037 ψήφοις
604 1951 660 2017 καί
687 1952 894 2038 παραδοθείς
921 1955 969 2030 εἰς
996 1954 1033 2018 τὸ
1057 1955 1182 2036 δεσμω-

158 2061 274 2143 τήριον
297 2059 493 2154 αὐθημερὸν
511 2059 727 2142 ἀποθνήσκει.
765 2059 798 2123 ολ
821 2058 859 2124 δέ
882 2059 993 2124 λοιποί
1015 2070 1083 2124 τῶν
1102 2059 1182 2124 δέκα

158 2166 240 2251 πρίν
259 2167 518 2251 εἰσαγγελθῆναι
541 2175 666 2250 φυγαῖς
689 2164 812 2241 αὑτοὺς
836 2163 1028 2248 ἐζημίωσαν.
1065 2167 1123 2242 τάς
1146 2162 1177 2229 δ’

159 2271 279 2348 οὐσίας
298 2283 366 2337 τῶν
389 2271 607 2362 ἀνηρημένων
629 2271 685 2336 καί
712 2282 780 2336 τῶν
803 2291 846 2336 πο
857 2321 989 2335 ........
1014 2272 1047 2336 ολ
1069 2275 1181 2354 ταμίαι

158 2384 217 2463 τῆς
244 2379 371 2455 πόλεως
398 2377 563 2460 ἀνέλαβον
587 2378 634 2454 εἰς
658 2378 696 2442 τὸ
720 2377 891 2462 δημόσιον.
936 2351 1225 2483 εἰσαγγέλλεταιξ)0

158 2485 196 2551 δὲ
213 2485 270 2550 καί
288 2483 428 2570 Μάρκος
446 2484 617 2561 Κλαύδιος
635 2483 652 2550 ὁ
671 2485 733 2569 τήν
751 2483 925 2572 παρθένον
943 2483 1181 2570 ἐπιβαλόμενος

158 2592 202 2669 δις
223 2591 351 2675 δούλην
369 2590 509 2675 ἀπάγειν
528 2591 594 2656 ὑπὸ
617 2601 677 2657 τοῦ
701 2599 889 2680 μνηστῆρος
910 2593 1012 2679 αὐτῆς
1031 2590 1179 2660 Ἰκιλίου·

77 2698 213 2765 εειῖκαί
235 2700 298 2783 τήν
321 2699 431 2764 αἰτίαν
454 2699 501 2777 εἰς
521 2700 581 2764 τὸν
600 2696 796 2778 ἐπιτάξαντα
814 2710 1021 2786 παρανομεῖν
1034 2698 1181 2766 ’Άππιον

159 2805 338 2896 ἀναφέρων
373 2805 525 2871 θανάτου
561 2806 623 2889 μὲν
660 2806 853 2891 ἀπολύεται,
891 2816 983 2893 φυγῆ
1021 2807 1052 2872 δ’
1083 2807 1179 2894 ἀιδίφ

159 2914 343 2997 ζημιοῦται,
365 2923 434 2978 τῶν
457 2909 488 2978 δ’
504 2914 615 2979 ἀλλων
632 2925 700 2979 τῶν
722 2913 1003 3000 ὑπηρετησάντων
1021 2936 1053 2978 τι
1076 2914 1180 2998 παρά·
1198 2934 1224 2974 ιι

159 3041 264 3100 νομον
290 3029 360 3097 τοῖς
388 3019 578 3106 ὀλιγάρχαις
605 3021 717 3098 ούδείς
745 3001 841 3107 ἐσχεν
866 3019 980 3106 ἀγῶνα
1007 3021 1179 3104 δημόσιον,

230 3199 247 3248 8
267 3193 394 3264 ἐγγόησις
412 3194 435 3250 Ο
459 3196 617 3268 διεγγύηοις
635 3195 764 3251 thzeler
782 3197 874 3251 Anim.
889 3196 903 3250 1
918 3201 950 3250 72
1024 3201 1040 3249 9
1060 3195 1180 3266 ἐπιδειχ-

158 3267 261 3318 θεῖσαν
280 3265 303 3320 Ο
324 3267 545 3337 ἀποδειχθεῖσαν
563 3267 668 3322 Βοίεἰτε
736 3273 769 3322 13
789 3266 934 3330 ἄππιοςΟ
1005 3273 1037 3321 19
1057 3268 1179 3322 παλτῶν

158 3354 337 3392 πο........
360 3337 424 3406 (lac.
444 3339 545 3407 θίἱλῖ.)
570 3338 637 3394 olL
661 3338 784 3394 καὶτῶν
802 3342 952 3393 πολιτικῶν
971 3338 1038 3393 ozv
1056 3339 1179 3394 καὶτῶν

158 3404 874 3552 ἀεικελίηνόιιιῖιιιῆιιιε
893 3409 1179 3554 ἓιῆλειιιῑε
