2656 3932
560 253 594 262 -
631 226 671 277 ΙΑ
708 254 743 262 -
1099 225 1162 290 159

142 359 348 436 παραχρῆμα,
386 349 442 415 καλ
465 350 583 416 πολλοί
605 345 692 433 ήσαν
715 350 748 414 οἰ
770 359 966 434 κατηγορεῖν
989 348 1164 432 μέλλοντες

142 457 261 523 αὐτῶν,
313 457 357 534 ῶς
387 455 418 521 δ’
440 456 542 522 οὐδέν
569 456 680 522 αὐτῶν
708 457 884 541 εἰσήκουον
912 455 1048 540 ἐκείνοι,
1080 454 1202 522 ἀλλάλ

141 565 220 642 τούς
239 561 267 628 τ’
286 563 411 649 ἀνδρας
430 563 664 649 ἀπεκρύψαντο
685 563 741 628 καί
763 564 821 640 τὰς
844 563 938 640 δίκας
961 561 1163 646 ἀνεβάλοντο

142 676 309 758 φήσαντες
331 669 369 736 ἐν
388 668 491 761 Ῥώμη
516 673 618 754 λόγον
640 668 828 736 ἀποδώσειν
850 679 921 746 τοίς
947 670 1164 753 βουλομένοις

142 779 255 845 αὐτῶν
286 786 494 862 κατηγορεῖν,
525 779 692 859 μαθόντες
724 778 775 843 ὅτι
804 787 872 844 τῶν
901 787 1095 864 στρατηγῶν
1126 779 1164 842 τὸ
1196 799 1209 839 ο

142 885 367 969 ἐπιβούλευμα
388 880 442 968 ήν,
469 885 529 949 τὸν
551 885 614 966 μὲν
635 886 777 950 Σίκκιον
799 881 959 968 ἔθαπτον,
987 883 1164 968 έκκομιδήν

141 1016 177 1058 τε
195 992 412 1077 ποιησάμενοι
431 991 664 1076 λαμπροτάτην
681 992 737 1056 καί
755 993 868 1074 πυράν
885 995 1047 1076 νήσαντες
1064 991 1165 1076 ὑπερ-

141 1099 267 1184 μεγέθη
291 1098 347 1165 καί
368 1109 436 1164 τῶν
455 1099 566 1163 ἀλλων
586 1098 811 1184 ἀπαρχόμενοι
832 1101 915 1164 κατὰ
938 1099 1093 1183 δύναμιν,
1116 1093 1165 1164 ὧν

141 1209 244 1290 νόμος
271 1203 322 1272 ἐπ’
340 1204 504 1290 ἀνδράσιν
528 1204 671 1290 ἀγαθοῖς
697 1207 745 1283 εἰς
767 1208 829 1291 τήν
851 1207 1044 1272 τελευταίαν
1066 1208 1164 1290 τιμήν

57 1330 132 1380 2221
143 1313 320 1399 φέρεσθαι·
362 1314 445 1399 πρὸς
482 1312 521 1378 δὲ
560 1314 623 1397 τήν
663 1313 885 1399 δεκαδαρχίαν
926 1313 1164 1400 ήλλοτριοῦντο
1183 1333 1209 1374 ιο

141 1422 263 1499 πάντες
290 1420 345 1486 καί
372 1421 509 1504 γνώμην
536 1413 628 1505 εἰχον
651 1420 695 1498 ὡς
723 1420 994 1505 ἀποστησόμενοι.
1040 1423 1077 1486 τὸ
1103 1421 1164 1504 μὲν

142 1529 184 1614 δή
212 1529 289 1615 περὶ
315 1525 607 1613 Κρουστομέρειαν
634 1527 690 1592 καλ
716 1528 867 1612 Φιδήνην
895 1527 1081 1612 στράτευμα
1108 1528 1164 1593 διδι

141 1637 203 1700 τὸν
234 1636 376 1700 Σικκίου
412 1643 473 1699 τοῦ
510 1636 717 1720 πρεσβευτοῦ
754 1635 906 1700 θάνατον
937 1633 1064 1721 ἐχθρὸν
1095 1645 1165 1712 τοῖς

142 1743 362 1828 προεστηκόσι
384 1752 452 1807 τῶν
475 1741 677 1827 πραγμάτων
698 1737 750 1825 ήν.

213 1846 363 1914 XXVIII.
401 1850 445 1916 To
479 1845 509 1914 δ’
536 1847 575 1915 ἐν
603 1846 743 1937 Ἀλγιδῶ
777 1860 835 1934 τής
866 1851 1025 1915 Αἰκανῶν
1057 1851 1165 1935 χώρας
1183 1869 1209 1910 ιι

140 1955 392 2042 καθιδρυμένον
420 1957 477 2022 καί
505 1957 543 2022 τὸ
573 1954 611 2022 ἐν
640 1965 680 2042 τή
711 1957 806 2022 πόλει
834 1963 965 2040 πλῆθος
992 1957 1081 2022 ἀπαυ
1109 1959 1164 2022 διὰ

141 2063 263 2140 ταύτας
294 2061 526 2148 ἐξεπολεμώθη
559 2065 617 2140 τάς
649 2064 756 2140 αἰτίας
787 2064 871 2148 πρὸς
899 2063 1029 2140 αὐτούς,
1079 2063 1164 2147 ἀνήρ

141 2168 178 2236 ἐκ
204 2181 273 2236 τῶν
301 2171 498 2254 δημοτικῶν,
526 2171 668 2246 Λεύκιος
694 2169 905 2254 Οὐεργίνιος,
933 2169 1072 2247 οὐδενὸς
1098 2173 1165 2254 χεί-

143 2301 212 2361 ρων
229 2278 270 2341 τδ
288 2277 464 2360 πολεμικά,
487 2278 589 2361 λόχου
608 2277 700 2353 τινὸς
721 2276 904 2359 ήγεμονίαν
927 2272 1012 2360 ἔχων
1034 2273 1072 2342 ἐν
1094 2287 1163 2354 τοῖς

141 2382 240 2449 πέντε
267 2382 430 2466 τάγμασιν
458 2381 582 2468 ἐτάχθη
610 2392 681 2460 τοίς
704 2379 754 2448 ἐπ’
771 2383 942 2460 Αἰκανοὺς
965 2397 1164 2468 στρατευσα-
1182 2404 1208 2444 εο

141 2490 261 2574 μένοις.
302 2490 409 2577 τούτῳ
434 2489 586 2575 θυγάτηρ
610 2486 726 2574 ἔτυχεν
747 2483 832 2555 οὖσα
855 2491 1013 2574 καλλίστη
1035 2501 1103 2556 τῶν
1126 2488 1203 2556 ἐν2

137 2596 240 2688 Ῥώμη
263 2595 446 2681 παρθένων
468 2597 505 2662 τὸ
533 2608 690 2684 πατρῷον
716 2598 822 2680 ὄνομα
849 2595 1014 2681 φέρουσα,
1040 2598 1084 2682 ήν
1111 2596 1164 2664 έν-

142 2708 325 2789 εγγυήσατο
353 2704 496 2781 Λεύκιος
525 2695 573 2781 εἰς
602 2703 639 2770 ἐκ
667 2715 735 2770 τῶν
764 2704 1061 2790 δεδημαρχηκότον
1090 2706 1164 2780 υἱὸς

59 2810 271 2878 κκκεἹκιλίου
301 2820 361 2878 τοῦ
389 2811 523 2897 πρώτου
551 2833 586 2876 τε
608 2811 898 2896 καταστησαμένου
922 2813 983 2896 τήν
1006 2812 1163 2895 δημαρχι-

214 2951 434 3024 θάνεβάλλοντο
454 2951 477 3007 Ο
497 2967 566 3006 corr
586 2951 674 3006 Cobet
693 2951 797 3021 Obs,p
800 2956 881 3018 ,,208
901 2951 977 3006 ουδ’
969 2967 1040 3064 lamb
1045 2951 1076 3004 in
1095 2951 1162 3005 edit.

142 3075 296 3129 Reiskiana
346 3081 362 3132 8
382 3076 436 3132 ἐπα
437 3073 568 3168 ρχίμενοι
586 3075 609 3130 O
629 3092 697 3130 corr.
716 3075 853 3167 Sylburg
889 3081 923 3130 10
942 3035 1012 3131 δεδα
1013 3025 1095 3145 ρχίαν
1113 3075 1135 3128 L
1156 3076 1159 3147 ἰ

142 3146 347 3220 ήλλοτριοῶντο]
361 3145 582 3218 ήλλοτρίωντοο.
592 3146 739 3202 ΟοίιείΙΗΙ
786 3154 818 3202 11
834 3147 997 3210 ἀπαντεςΟ
1045 3153 1078 3202 13
1096 3167 1163 3216 πρε-

143 3268 280 3342 σβυτάτου
299 3271 352 3324 MV
408 3279 440 3326 17
460 3271 650 3341 έξεπολεμηθη
669 3271 739 3336 Ιιξ
711 3270 899 3341 έξεπολεμήθη
914 3270 940 3324 V
992 3277 1026 3326 19
1044 3269 1133 3397 πολέρ)

142 3340 315 3411 Graeberger
333 3342 408 3397 Τεεε.
428 3343 544 3412 Herbip.
564 3361 590 3412 p.
607 3349 641 3398 ³6
714 3348 749 3396 20
768 3339 1012 3411 στρατευσομένοις
1033 3360 1048 3398 ο
1075 3342 1113 3398 Co
1135 3346 1163 3397 et

142 3413 243 3540 ἓβεέκρ
245 3414 503 3540 ᾱξῗὸθοῖξβχιεγυή
486 3431 570 3483 ηοατο
586 3431 608 3469 ο
619 3412 739 3468 Cobetl.
749 3413 767 3467 l.
783 3414 817 3468 cf
827 3413 936 3482 Jacoby
945 3415 1011 3469 Aar
1022 3414 1117 3485 Progr.
1128 3420 1161 3468 32

1133 3292 1162 3326 ια
