2656 3932
585 235 739 284 -Ι-
1126 235 1165 300 81

149 360 465 444 παρασκευαζόμεθα
483 361 523 424 τά
541 360 624 444 πρὸς
642 360 701 424 τὸν
720 357 833 442 ἀγῶνα
851 358 1048 444 ἀμφότεροι,
1070 360 1169 444 χώρει

148 465 211 548 τὴν
237 467 382 548 πλαγίαν
410 465 540 550 ἐκείνην
568 465 649 532 ὁύὸν
677 464 731 531 έπλ
758 466 795 530 τὸ
823 465 916 550 όρος,
944 462 1030 532 ἔνθα
1055 465 1075 549 ἡ
1102 475 1169 530 τῶν

148 573 316 654 πολεμίων
334 570 405 638 ἐστὶ
422 575 628 658 παρεμβολή,
651 573 706 637 καί
724 572 832 658 μάχην
850 574 966 638 τίθεσο
985 573 1068 658 πρὸς
1091 575 1169 649 τοὺς

149 676 186 744 έν
218 687 264 767 τῷ
295 679 437 765 χάρακι,
461 676 504 745 ἵν’
530 679 551 764 ἢ
581 679 658 765 περλ
686 689 732 768 τῷ
760 681 912 766 φρουρίῳ
940 679 1109 756 δείσαντες
1136 679 1169 744 οἱ

148 787 232 872 πρὸς
253 787 338 870 ἡμᾶς
355 788 535 872 μαχόμενοι
553 787 608 852 καὶ
626 789 768 870 βοηθεῖν
786 786 1062 871 προθυμούμενοι
1079 786 1168 850 νῶτά
1201 807 1212 848 ι

148 915 183 957 τε
207 891 338 970 δείξουσι
360 894 416 958 καί
439 893 693 980 εὐκατέργαστοι
710 892 887 978 γένωνται,
909 892 1062 978 καθάπερ
1082 894 1169 970 εἰκὸς

148 997 186 1066 ἐν
205 999 411 1086 ἀναχωρήσει
428 1003 556 1089 ταχείᾳ,
579 1001 635 1066 καί
658 1001 705 1078 είς
727 1002 808 1083 μίαν
826 998 907 1065 όύὸν
931 999 1073 1076 ἀπαντες
1096 1003 1168 1082 βια-

148 1109 293 1192 ζόμενοι,
319 1107 341 1192 ἣ
368 1107 525 1191 μένοντες
551 1107 673 1174 αὐτόθι
699 1109 759 1172 τὸν
789 1107 915 1192 χάρακα
945 1104 1166 1189 ἀποβάλωσιν.

64 1229 137 1279 2109
148 1215 225 1280 οὐτε
261 1217 325 1301 γὰρ
360 1216 381 1298 ἡ
419 1214 634 1300 φυλάττουσα
670 1214 773 1279 αὐτὸν
812 1213 953 1295 δύναμις
993 1211 1206 1299 ἀξιόμαχός3

148 1319 249 1406 ἐστιν,
273 1322 317 1399 ὡς
340 1321 501 1387 εἰκάσειεν
525 1321 567 1386 ἀν
589 1343 653 1404 τις,
679 1320 733 1386 ἐπὶ
755 1331 800 1406 τῷ
824 1318 956 1406 ἐρυμνῷ
979 1329 1039 1385 τοῦ
1062 1323 1166 1386 τόπου
1186 1343 1212 1382 ιο

148 1428 294 1493 δοκοῦσα
316 1422 403 1494 είναι
425 1437 493 1494 πᾶν
514 1428 552 1493 τὸ
576 1426 734 1512 ἀσφαλές·
759 1427 780 1510 ἥ
803 1449 838 1491 τε
861 1427 927 1508 ἅμα
950 1442 1004 1491 σοι
1027 1427 1167 1510 δύναμις

147 1534 325 1620 ἀποχρῶσα
348 1533 469 1619 γένοιτ’
486 1535 539 1618 ἀν,
562 1533 683 1619 ἀνδρες
705 1533 892 1599 ὀκτακόσιοι
910 1538 1045 1598 πολλῶν
1062 1532 1167 1618 ἀθλη-

147 1641 201 1705 ταί
221 1640 385 1726 πολέμων,
407 1639 669 1728 τεταραγμένους
687 1641 943 1725 σκηνοφύλακας
960 1640 1167 1726 ἀπροσδόκη-

147 1769 199 1811 τοι
228 1750 472 1833 προσπεσόντες
500 1757 545 1836 τῷ
574 1752 726 1833 τολμηρῷ
754 1745 850 1812 ἑλεῖν.
900 1747 955 1812 καὶ
985 1747 1003 1812 ὁ
1032 1749 1207 1826 Σίκκιος4

147 1849 284 1937 ἔφησεν·
312 1851 398 1920 Ἀλλ’
426 1851 529 1940 ἔγωγε
561 1854 691 1920 ἀπαντα
722 1853 783 1935 μὲν
815 1852 943 1937 ἕτοιμος
975 1853 1165 1941 ὑπηρετεῖν·
1186 1876 1211 1947 ιι

145 1961 183 2026 τὸ
210 1959 324 2044 μέντοι
351 1959 452 2048 ἔργον
479 1961 520 2028 οὐ
549 1961 665 2050 ῥηίδιον
693 1961 804 2046 ὥσπερ
832 1977 887 2026 σοι
910 1962 1009 2027 δοκεῖ.
1055 1962 1166 2048 ὐψηλη

145 2090 181 2132 τε
203 2069 267 2155 γάρ
289 2069 310 2154 ἡ
334 2069 438 2154 πέτρα
459 2069 515 2135 καί
543 2069 722 2152 ἀπότομος,
752 2066 805 2153 ἐφ’
826 2061 911 2151 ηςό
939 2066 1056 2153 χάραξ,
1085 2067 1166 2134 ὁάόν

104 2243 105 2246 ¹
145 2197 180 2239 τε
209 2175 370 2258 οὐδεμίαν
393 2175 459 2260 ὁρῶ
489 2175 661 2261 φέρουσαν
684 2171 733 2240 ἐπ’
757 2175 880 2250 αὐτοὺς
908 2171 968 2252 ἔξω
996 2184 1054 2258 τῆς
1080 2183 1165 2256 μιᾶς,

144 2273 167 2370 ᾖ
198 2285 441 2366 καταβήσονται
473 2284 506 2348 οί
533 2281 684 2363 πολέμιοι
711 2281 794 2365 πρὸς
820 2280 918 2362 ἡμᾶς,
951 2283 1106 2365 φυλακην
1133 2277 1161 2345 τ’

145 2389 233 2465 εἰκὸς
255 2386 433 2473 ἀξιόμαχον
452 2383 538 2454 εἶναι
560 2386 598 2452 ἐν
618 2387 713 2472 αὐτῷ·
737 2384 800 2451 κάν
823 2385 918 2470 ὀλίγη
942 2385 980 2450 δὲ
1002 2385 1091 2450 πάνυ
1110 2387 1210 2452 καίεο

145 2496 257 2580 φαύλη
280 2518 340 2573 τις1
353 2489 438 2560 οὐσα
460 2496 557 2584 τύχη,
580 2494 663 2577 πρὸς
685 2497 796 2579 πολλῷ
820 2494 958 2558 πλείονα
980 2492 1001 2578 ἢ
1020 2494 1082 2578 την
1100 2496 1165 2559 οὐν

145 2601 218 2684 ἐμοὶ
236 2603 381 2685 δύναμιν
400 2601 549 2686 ἀντέχειν
567 2601 622 2666 οία
644 2623 679 2665 τε
702 2597 807 2683 ἔσται,
831 2601 868 2664 τό
887 2622 922 2664 τε
939 2602 1064 2686 χωρίον
1083 2601 1164 2667 αὐτὸ

144 2707 277 2795 παρέξει
308 2719 347 2795 τῷ
381 2714 514 2795 φυλακῇ
545 2717 605 2774 τοῦ
638 2709 681 2792 μη
714 2707 903 2773 ἁλώσεσθαι
934 2709 972 2772 τὸ
1009 2705 1163 2792 ἀσφαλές.

144 2816 228 2880 ἀλλά
250 2816 390 2898 μάλιστα
412 2815 474 2898 μὲν
496 2813 629 2881 ἀνάθου
648 2817 709 2900 τὴν
727 2815 864 2899 γνώμην
883 2853 926 2862 -
944 2815 964 2900 ἡ
983 2825 1081 2901 πεῖρα
1099 2816 1163 2902 γάρ
1182 2816 1203 2881 5

63 2939 133 2988 2110
144 2921 329 3008 ἐπισφαλής
347 2961 391 2970 -
410 2924 440 2988 εί
463 2923 501 2988 ἀὲ
522 2923 653 3000 πάντως
671 2920 835 3006 έγνασταί
852 2938 905 2987 σοι
924 2922 986 2986 δύο
1005 2924 1164 2988 τίθεσθαι
1182 2943 1207 2984 ει

143 3030 247 3114 μάχας
275 3028 313 3096 ἐν
340 3026 391 3096 ἑνί
417 3042 537 3116 καιρῷ,
565 3031 709 3112 δύναμιν
735 3028 914 3115 ἀξιόχρεων
937 3028 1071 3114 ἀνδρῶν
1094 3027 1163 3095 ἐπι-

145 3137 269 3202 λέκτων
291 3135 390 3215 τάξον
418 3137 620 3202 ἀκολουθεῖν
646 3160 703 3219 μοι
730 3139 795 3202 σὺν
822 3146 891 3212 τοῖς
917 3135 1162 3221 πρεσβυτέροις.

216 3281 233 3328 4
259 3273 297 3330 ἵν’
321 3276 367 3330 Βε
390 3275 438 3331 έναι
461 3275 538 3330 ABb
619 3283 635 3331 5
661 3296 699 3345 μα
718 3276 831 3345 οὐμενοι
853 3275 954 3330 Portus
1036 3282 1052 3330 6
1076 3274 1162 3330 verba

143 3343 358 3416 εὐκατέργαστοι
380 3344 516 3417 γίνονται
538 3350 603 3417 post
625 3349 690 3419 βιαζ
705 3367 784 3417 μενοι
806 3347 938 3416 ponenda
960 3362 1020 3401 esse
1040 3345 1162 3416 Sylburg

145 3419 240 3471 censet
301 3423 317 3472 8
335 3416 384 3473 τὸν
404 3435 457 3474 om.
472 3419 518 3472 Βο
582 3425 615 3474 18
630 3417 675 3474 ἐπ’
688 3421 790 3482 αὐτοὺς
803 3417 879 3472 ΑΒε
894 3416 939 3472 ἐπ’
951 3414 1037 3472 αὐτὸν
1052 3417 1099 3470 Bb
1114 3415 1158 3470 ἐπ’

144 3487 233 3557 αὐτὴν
251 3487 393 3559 Kiessh'ng
458 3495 493 3544 20
511 3489 542 3544 ἐν
561 3492 636 3564 αὐτῷ
650 3491 754 3551 Reiske
817 3495 851 3545 25
870 3489 956 3560 ἔγνως
973 3490 1060 3560 walls
1075 3508 1101 3542 οι
1116 3487 1161 3542 Ba

200 3591 304 3634 mom.
313 3593 376 3635 mn.
385 3596 424 3636 IV.
440 3603 480 3638 ευ.
490 3597 597 3642 heom.
729 3631 734 3638 .
984 3603 1000 3650 6
