2662 3920
494 260 495 264 ,
583 207 739 257 -Ι-
1127 206 1169 271 ‘13

149 331 190 397 ού
213 331 405 396 πεπόνθασι
427 339 495 395 τών
514 331 649 411 δεινών;
672 330 748 418 ούχί
770 331 969 413 τυπτόμενοι
987 331 1043 396 καί
1061 335 1170 396 λακτι-

149 440 279 521 ζόμενοι
306 438 362 503 καί
388 446 499 502 πᾶσαν
527 439 638 504 αἰκίαν
660 435 900 522 ὑπομείναντες
926 437 1170 522 ἀπηλάσθησαν

148 544 185 612 ἐκ
211 555 270 630 τῆς
296 542 433 632 ἀγορᾶς
459 545 517 610 καί
544 543 638 628 ὑμεῖς
667 553 771 612 ταῦτα
798 545 980 630 πάσχοντες
1009 543 1170 629 ἀνέχεσθε

148 652 204 718 καλ
232 653 272 717 ού
300 654 437 736 ζητεῖτε,
466 647 556 729 ὅπως
582 650 660 738 παρ’
677 651 788 718 αὐτῶν
811 655 959 738 λήψεσθε
982 652 1077 728 δίκας
1098 661 1171 729 ταῖς

148 768 234 844 γοῦν
262 762 403 844 ψήφοις,
435 756 473 824 ἐν
503 750 554 837 αἰς
586 761 704 842 μόναις
733 756 858 838 ἔξεστιν
887 756 968 842 ὑμίν
998 757 1170 836 ἀποδείξει·
1202 780 1214 820 ι

149 873 232 933 σθαι
258 867 320 951 τήν
348 864 554 952 ἐλευθερίαν.
605 865 677 932 ἀλλ’
703 863 752 931 ἔτι
778 867 834 932 καί
861 875 937 950 νῦν,
966 862 993 932 ὦ
1021 866 1209 952 δημόται,2

149 976 305 1060 φρόνημα
342 975 500 1057 λαβόντες
536 971 718 1058 ἐλεύθερον
755 973 838 1059 [καί]
870 974 930 1039 τὸν
965 973 1170 1058 νεωμορικὺυ

149 1083 255 1164 νόμον
283 1082 509 1167 εἰσφερόντων
536 1091 603 1146 τών
631 1081 809 1166 δημάρχων
836 1079 1060 1166 ὲπικυρώσατε
1087 1079 1171 1164 μηδὲ

67 1189 268 1274 εοεοφωνήυ
297 1188 518 1274 ἀνασχόμενοι
547 1199 615 1253 τών
644 1185 803 1254 τάναντία
832 1185 1025 1266 ἀξιούντων.
1077 1184 1210 1268 ὑμείςδ

150 1292 195 1379 δ’,
218 1289 244 1360 ώ
268 1296 445 1384 δήμαρχοι,
472 1298 707 1381 παρακλήσεως
733 1293 795 1377 μὲν
818 1295 865 1382 εἰς
887 1301 986 1358 τοῦτο
1009 1294 1047 1359 τὸ
1070 1290 1171 1379 ἔργον
1189 1317 1216 1356 ιο

150 1399 189 1471 οὑ
218 1402 348 1468 δεῖσθε·
377 1403 433 1468 καί
460 1403 524 1487 γάρ
551 1399 669 1487 ήρξατε
697 1397 801 1467 αὑτοῦ
830 1401 886 1466 καί
916 1396 977 1485 οὑχ
1006 1397 1172 1466 ὑποκατα-

149 1512 321 1592 κλίνεσθε,
349 1513 456 1586 καλῶς
483 1517 670 1586 ποιοῦντες·
698 1506 758 1574 ἐὰν
786 1504 877 1573 δ’ἐκ
903 1517 971 1572 τών
998 1506 1085 1573 νέων
1113 1503 1172 1572 αὑ-

149 1615 272 1682 θάδεια
312 1615 367 1681 καί
408 1615 559 1680 ἀναίδεια
599 1612 680 1698 ὑμῖν
719 1613 875 1698 ἐμποδὼν
915 1613 1051 1698 γένηται
1092 1617 1172 1692 τοὺς

150 1722 329 1800 καδίσκους
352 1722 607 1808 ἀνατρεπόντων
628 1722 649 1806 ή
675 1723 734 1799 τὰς
755 1725 891 1807 ψήφους
913 1721 1127 1807 ἁρπαζόντων
1149 1722 1170 1807 ή

151 1829 232 1894 ἀλλο
259 1852 291 1894 τι
318 1829 395 1916 περὶ
423 1831 485 1915 τήν
511 1831 733 1915 ψηφοφορίαν
766 1827 1013 1913 ἀκοσμούντων,
1045 1827 1171 1907 δείξατε
1190 1850 1215 1890 ιι

150 1933 264 2013 αὐτοῖς
285 1937 329 2020 ήν
351 1933 418 2022 ἔχει
440 1938 477 2002 τὸ
497 1936 636 2023 ,ἀρχείου
662 1936 767 2021 ἰσχύν.
813 1935 869 2002 καί
892 1933 1005 2022 ἐπειδή
1030 1932 1069 2002 οὑ
1093 1937 1212 2014 τοὺς4

149 2040 297 2121 ὑπάτους
319 2039 425 2122 ἔξεστι
446 2053 572 2110 παῦσαι
594 2053 653 2128 τής
675 2041 841 2128 ἐξουσίας,
863 2045 943 2120 τοὺς
967 2043 1099 2121 ἰδιώτας
1122 2035 1172 2122 οἰς
1210 2085 1212 2090 -

148 2151 232 2236 πρὸς
258 2152 298 2216 τιί
321 2153 414 2234 βίαια
436 2148 614 2236 ὑπηρέταις
637 2148 760 2216 ἐκεῖνοι
781 2161 926 2240 χρῶνται
948 2153 1172 2235 καταστήσαν-

148 2280 201 2334 τες
236 2254 303 2323 ὑπὸ
341 2258 449 2343 δίκην,
486 2257 626 2326 ἀνάδοτε
660 2267 706 2345 τῷ
739 2258 831 2346 δήμφ
862 2258 921 2334 τὰς
951 2256 1028 2343 περί
1061 2253 1171 2323 αὐτῶν

148 2367 298 2449 ψήφους,
324 2364 550 2446 αἰτιασάμενοι
572 2365 662 2450 παρὰ
684 2367 763 2441 τοὺς
788 2365 898 2450 ἰεροὺς
920 2366 1044 2447 νόμους
1066 2365 1171 2448 βιάζε-
1190 2385 1216 2426 εο

151 2477 233 2537 σθαι
255 2470 310 2536 καί
333 2472 510 2537 καταλύειν
531 2469 627 2554 ὑμών
649 2473 711 2556 τήν
735 2471 849 2557 ἀρχήν.

68 2592 138 2642 εοει
219 2576 351 2645 XXXX.
389 2573 520 2643 Τοιαῦτ’
548 2579 701 2656 εἰπόντος
737 2574 840 2644 αὑτοῦ
876 2579 914 2644 τὸ
949 2578 1010 2662 μὲν
1041 2583 1172 2662 πλῆθος

151 2683 256 2762 οὕτως
283 2686 412 2762 οἰκείως
439 2685 573 2770 διετέθη
602 2687 686 2772 πρὸς
712 2689 791 2763 τοὺς
821 2687 942 2770 λόγους
970 2686 1026 2752 καί
1053 2686 1172 2751 τοσαύ-

222 2829 236 2876 1
261 2823 310 2876 καί
334 2819 525 2892 λακτιζόμενοι
550 2841 604 2880 om.
626 2825 651 2878 Α
671 2829 672 2834 ’
724 2830 740 2879 2
765 2823 971 2892 ἀπηλάσθησαν
990 2825 1036 2879 Ba
1064 2823 1172 2893 ἀπηλά-

149 2898 246 2962 θησαν
259 2893 336 2948 ABb
392 2899 408 2948 3
427 2895 476 2949 καί
495 2896 574 2964 ὑμεῖς
591 2904 680 2951 ταῦτα
698 2895 858 2966 πάσχοντας
877 2895 1016 2966 (δρῶντες)
1035 2893 1171 2966 ἀνέχεσθε

150 2965 199 3020 καί
227 2965 260 3020 οὑ
288 2969 404 3034 ζητεῖτε,
433 2964 508 3028 ὅπως
532 2966 611 3034 παρὰ
636 2975 692 3022 τῶν
720 2969 828 3036 (ταῦτα)
855 2968 1019 3036 τολμώντων
1046 2966 1172 3036 λήψεσθε

151 3033 233 3098 δίκας
257 3036 336 3104 παρὰ
360 3045 416 3092 τῶν
440 3047 529 3092 ταῦτα
553 3040 717 3107 τολμώντων
741 3055 764 3093 ο.
779 3038 877 3092 Vassis
894 3039 951 3093 Ἀθ.
966 3037 1031 3092 VIII
1049 3056 1076 3107 p.
1093 3043 1144 3093 263
1166 3039 1169 3109 ή

149 3110 214 3177 post
238 3105 320 3172 δίκας
337 3109 487 3163 inserenda
506 3125 566 3164 esse
584 3109 671 3164 verba
691 3106 746 3164 κᾶν
764 3109 791 3164 εἰ
808 3110 907 3180 μηδενὶ
926 3108 998 3182 άλλφ
1013 3109 1088 3164 Smit
1106 3109 1172 3164 obs.

150 3196 178 3248 p.
193 3186 227 3233 46
247 3179 280 3233 ef.
295 3179 381 3234 verba
396 3179 515 3234 Grimmi
528 3180 611 3235 Arch.
626 3181 706 3235 Rom.
722 3180 787 3249 Syn.
803 3181 840 3234 ad
854 3181 929 3235 huno
943 3180 1035 3235 locum
1087 3187 1102 3234 ⁷
1122 3183 1172 3236 aut

151 3248 246 3321 λάβετε
265 3251 444 3306 scribendum
463 3253 514 3306 aut
531 3253 581 3306 ιιαί
600 3252 750 3307 delendum
770 3269 830 3307 esse
849 3269 871 3307 ο.
886 3251 1029 3322 Kiessling
1084 3257 1100 3306 9
1119 3252 1172 3306 *τὰ

152 3319 267 3376 ἐναντία
290 3322 312 3377 Ο
342 3324 449 3378 correxi
522 3330 554 3378 11
584 3323 683 3396 αὑτοῦ]
711 3323 792 3379 αὑτοί
819 3340 842 3378 ο.
867 3322 955 3378 Cobet
980 3323 1045 3379 obs.
1071 3341 1099 3393 p.
1120 3329 1171 3378 197

153 3398 187 3446 14
204 3391 411 3467 κα<δίσ>κους
428 3393 451 3448 Β
523 3401 556 3449 15
575 3397 641 3464 post
657 3392 847 3466 ψηφοφορίαν
865 3397 923 3450 tres
941 3394 1055 3450 fitterae
1066 3411 1171 3450 erasae

152 3464 258 3518 suntB
332 3471 365 3519 1⁷
384 3467 460 3537 τοὺς]
479 3485 529 3520 του
544 3465 595 3521 Ba
