<?xml version="1.0" encoding="UTF-8"?>
<!DOCTYPE html PUBLIC "-//W3C//DTD XHTML 1.0 Transitional//EN"
    "http://www.w3.org/TR/xhtml1/DTD/xhtml1-transitional.dtd">
<html xmlns="http://www.w3.org/1999/xhtml" xml:lang="en" lang="en">
 <head>
  <title>
</title>
<meta http-equiv="Content-Type" content="text/html;charset=utf-8" />
  <meta name='ocr-system' content='tesseract 3.04.00' />
  <meta name='ocr-capabilities' content='ocr_page ocr_carea ocr_par ocr_line ocrx_word'/>
</head>
<body>
  <div class='ocr_page' id='page_1' title='image "./dionysihalicarn06diongoog_0247.png"; bbox 0 0 2668 3922; ppageno 0'>
   <div class='ocr_carea' id='block_1_1' title="bbox 575 197 1176 262">
    <p class='ocr_par' dir='ltr' id='par_1_1' title="bbox 575 197 1176 262">
     <span class='ocr_line' id='line_1_1' title="bbox 575 197 1176 262; baseline -0.003 2"><span class='ocrx_word' id='word_1_1' title='bbox 575 226 608 234; x_wconf 89' lang='lat'><strong><em>··</em></strong></span> <span class='ocrx_word' id='word_1_2' title='bbox 646 197 687 248; x_wconf 78' lang='grc' dir='ltr'><strong><em>ΙΒ</em></strong></span> <span class='ocrx_word' id='word_1_3' title='bbox 725 227 759 234; x_wconf 94' lang='grc'>-</span> <span class='ocrx_word' id='word_1_4' title='bbox 1111 197 1176 262; x_wconf 77' lang='grc'><strong><em>227</em></strong></span> 
     </span>
    </p>
   </div>
   <div class='ocr_carea' id='block_1_2' title="bbox 91 319 1223 1265">
    <p class='ocr_par' dir='ltr' id='par_1_2' title="bbox 91 319 1223 1265">
     <span class='ocr_line' id='line_1_2' title="bbox 91 319 1177 408; baseline -0.003 -18"><span class='ocrx_word' id='word_1_5' title='bbox 91 323 99 338; x_wconf 83' lang='grc'><strong>’</strong></span> <span class='ocrx_word' id='word_1_6' title='bbox 233 324 440 408; x_wconf 83' lang='grc' dir='ltr'><strong><em>Τραυματίας</em></strong></span> <span class='ocrx_word' id='word_1_7' title='bbox 480 321 536 388; x_wconf 82' lang='grc' dir='ltr'><strong><em>καί</em></strong></span> <span class='ocrx_word' id='word_1_8' title='bbox 577 322 788 406; x_wconf 80' lang='grc' dir='ltr'><strong><em>παρασχεδὸν</em></strong></span> <span class='ocrx_word' id='word_1_9' title='bbox 828 319 941 390; x_wconf 75' lang='grc' dir='ltr'><strong><em>ἐλθὼν</em></strong></span> <span class='ocrx_word' id='word_1_10' title='bbox 981 320 1177 388; x_wconf 75' lang='grc' dir='ltr'><strong><em>ἀποθανεῖν.</em></strong></span> 
     </span>
     <span class='ocr_line' id='line_1_3' title="bbox 128 533 1178 627; baseline -0.002 -23"><span class='ocrx_word' id='word_1_11' title='bbox 128 563 132 569; x_wconf 92' lang='grc'><strong><em>·</em></strong></span> <span class='ocrx_word' id='word_1_12' title='bbox 229 535 317 604; x_wconf 83' lang='lat' dir='ltr'><strong><em>VHL</em></strong></span> <span class='ocrx_word' id='word_1_13' title='bbox 347 533 399 624; x_wconf 85' lang='lat'><strong><em>(8)</em></strong></span> <span class='ocrx_word' id='word_1_14' title='bbox 427 534 484 602; x_wconf 78' lang='grc' dir='ltr'><strong><em>Ἐλν</em></strong></span> <span class='ocrx_word' id='word_1_15' title='bbox 512 533 616 627; x_wconf 82' lang='grc' dir='ltr'><strong><em>Ῥώμη</em></strong></span> <span class='ocrx_word' id='word_1_16' title='bbox 647 546 808 620; x_wconf 92' lang='grc' dir='ltr'><strong><em>χειμῶνος</em></strong></span> <span class='ocrx_word' id='word_1_17' title='bbox 838 535 1022 620; x_wconf 76' lang='grc' dir='ltr'><strong><em>γενομένου</em></strong></span> <span class='ocrx_word' id='word_1_18' title='bbox 1053 538 1178 626; x_wconf 77' lang='grc' dir='ltr'><strong><em>βιαίου,</em></strong></span> 
     </span>
     <span class='ocr_line' id='line_1_4' title="bbox 157 639 1179 729; baseline -0.005 -15"><span class='ocrx_word' id='word_1_19' title='bbox 157 641 244 714; x_wconf 71' lang='grc' dir='ltr'><strong><em>ἔνθα</em></strong></span> <span class='ocrx_word' id='word_1_20' title='bbox 274 645 295 729; x_wconf 71' lang='grc' dir='ltr'><em>ἡ</em></span> <span class='ocrx_word' id='word_1_21' title='bbox 328 641 482 727; x_wconf 76' lang='grc' dir='ltr'><strong><em>ἐλαχίστη</em></strong></span> <span class='ocrx_word' id='word_1_22' title='bbox 514 643 595 727; x_wconf 82' lang='grc' dir='ltr'><strong><em>χιὼν</em></strong></span> <span class='ocrx_word' id='word_1_23' title='bbox 626 644 829 727; x_wconf 87' lang='grc' dir='ltr'><strong><em>κατενίφθη,</em></strong></span> <span class='ocrx_word' id='word_1_24' title='bbox 868 641 930 710; x_wconf 82' lang='grc' dir='ltr'><strong><em>οὐκ</em></strong></span> <span class='ocrx_word' id='word_1_25' title='bbox 962 641 1106 712; x_wconf 79' lang='grc' dir='ltr'><strong><em>ἐλάττων</em></strong></span> <span class='ocrx_word' id='word_1_26' title='bbox 1135 639 1179 728; x_wconf 77' lang='grc' dir='ltr'><strong><em>ἦν</em></strong></span> 
     </span>
     <span class='ocr_line' id='line_1_5' title="bbox 157 748 1223 836; baseline -0.007 -19"><span class='ocrx_word' id='word_1_27' title='bbox 157 749 239 818; x_wconf 81' lang='grc' dir='ltr'><strong><em>ἑπτά</em></strong></span> <span class='ocrx_word' id='word_1_28' title='bbox 266 752 382 816; x_wconf 80' lang='grc' dir='ltr'><strong><em>ποθῶν</em></strong></span> <span class='ocrx_word' id='word_1_29' title='bbox 408 751 446 816; x_wconf 86' lang='grc' dir='ltr'><strong><em>τὸ</em></strong></span> <span class='ocrx_word' id='word_1_30' title='bbox 469 749 585 834; x_wconf 82' lang='grc' dir='ltr'><strong><em>βάθος.</em></strong></span> <span class='ocrx_word' id='word_1_31' title='bbox 631 749 687 815; x_wconf 88' lang='grc' dir='ltr'><strong><em>καλ</em></strong></span> <span class='ocrx_word' id='word_1_32' title='bbox 710 748 893 817; x_wconf 87' lang='grc' dir='ltr'><strong><em>συνέπεσεν</em></strong></span> <span class='ocrx_word' id='word_1_33' title='bbox 916 749 1119 836; x_wconf 70' lang='grc' dir='ltr'><strong><em>ἀνθρώπους</em></strong></span> <span class='ocrx_word' id='word_1_34' title='bbox 1143 773 1179 818; x_wconf 90' lang='grc' dir='ltr'><strong><em>τε</em></strong></span> <span class='ocrx_word' id='word_1_35' title='bbox 1211 769 1223 810; x_wconf 85' lang='grc' dir='ltr'><strong><em>ε</em></strong></span> 
     </span>
     <span class='ocr_line' id='line_1_6' title="bbox 157 856 1179 947; baseline -0.002 -23"><span class='ocrx_word' id='word_1_36' title='bbox 157 859 224 926; x_wconf 77' lang='grc' dir='ltr'><strong><em>ὑπὸ</em></strong></span> <span class='ocrx_word' id='word_1_37' title='bbox 260 867 320 924; x_wconf 84' lang='grc' dir='ltr'><strong><em>τοῦ</em></strong></span> <span class='ocrx_word' id='word_1_38' title='bbox 357 866 496 943; x_wconf 79' lang='grc' dir='ltr'><strong><em>νιφετοῦ</em></strong></span> <span class='ocrx_word' id='word_1_39' title='bbox 533 858 779 947; x_wconf 45' lang='grc' dir='ltr'><strong><em>διαφθαρῆναί,</em></strong></span> <span class='ocrx_word' id='word_1_40' title='bbox 801 879 894 934; x_wconf 90' lang='grc' dir='ltr'><strong><em>τινας</em></strong></span> <span class='ocrx_word' id='word_1_41' title='bbox 932 856 988 922; x_wconf 82' lang='grc' dir='ltr'><strong><em>καί</em></strong></span> <span class='ocrx_word' id='word_1_42' title='bbox 1028 858 1179 944; x_wconf 80' lang='grc' dir='ltr'><strong><em>πρόβατα</em></strong></span> 
     </span>
     <span class='ocr_line' id='line_1_7' title="bbox 158 961 1179 1050; baseline -0.002 -18"><span class='ocrx_word' id='word_1_43' title='bbox 158 966 265 1032; x_wconf 84' lang='grc' dir='ltr'><strong><em>πολλά</em></strong></span> <span class='ocrx_word' id='word_1_44' title='bbox 291 964 348 1032; x_wconf 81' lang='grc' dir='ltr'><strong><em>καί</em></strong></span> <span class='ocrx_word' id='word_1_45' title='bbox 374 974 442 1032; x_wconf 86' lang='grc' dir='ltr'><strong><em>τῶν</em></strong></span> <span class='ocrx_word' id='word_1_46' title='bbox 469 965 580 1031; x_wconf 79' lang='grc' dir='ltr'><strong><em>ἄλλων</em></strong></span> <span class='ocrx_word' id='word_1_47' title='bbox 602 973 734 1050; x_wconf 80' lang='grc' dir='ltr'><strong><em>κτηνῶν</em></strong></span> <span class='ocrx_word' id='word_1_48' title='bbox 757 963 814 1029; x_wconf 85' lang='grc' dir='ltr'><strong><em>καλ</em></strong></span> <span class='ocrx_word' id='word_1_49' title='bbox 841 961 1031 1048; x_wconf 76' lang='grc' dir='ltr'><strong><em>ὑποζυγίων</em></strong></span> <span class='ocrx_word' id='word_1_50' title='bbox 1057 972 1179 1049; x_wconf 82' lang='grc' dir='ltr'><strong><em>μοῖραν</em></strong></span> 
     </span>
     <span class='ocr_line' id='line_1_8' title="bbox 158 1070 1179 1157; baseline -0.002 -18"><span class='ocrx_word' id='word_1_51' title='bbox 158 1072 221 1139; x_wconf 82' lang='grc' dir='ltr'><strong><em>οὐκ</em></strong></span> <span class='ocrx_word' id='word_1_52' title='bbox 252 1072 380 1157; x_wconf 86' lang='grc' dir='ltr'><strong><em>ὀλίγην,</em></strong></span> <span class='ocrx_word' id='word_1_53' title='bbox 411 1072 452 1137; x_wconf 86' lang='grc' dir='ltr'><strong><em>τά</em></strong></span> <span class='ocrx_word' id='word_1_54' title='bbox 483 1070 545 1156; x_wconf 72' lang='grc' dir='ltr'><strong><em>μέν</em></strong></span> <span class='ocrx_word' id='word_1_55' title='bbox 575 1070 642 1137; x_wconf 81' lang='grc' dir='ltr'><strong><em>ὑπὸ</em></strong></span> <span class='ocrx_word' id='word_1_56' title='bbox 674 1079 735 1136; x_wconf 86' lang='grc' dir='ltr'><strong><em>τοῦ</em></strong></span> <span class='ocrx_word' id='word_1_57' title='bbox 762 1079 892 1157; x_wconf 84' lang='grc' dir='ltr'><strong><em>κρυμοῦ</em></strong></span> <span class='ocrx_word' id='word_1_58' title='bbox 922 1072 1179 1155; x_wconf 86' lang='grc' dir='ltr'><strong><em>σφακελίσαντα,</em></strong></span> 
     </span>
     <span class='ocr_line' id='line_1_9' title="bbox 158 1175 1219 1265; baseline -0.004 -19"><span class='ocrx_word' id='word_1_59' title='bbox 158 1181 199 1246; x_wconf 81' lang='grc' dir='ltr'><strong><em>τά</em></strong></span> <span class='ocrx_word' id='word_1_60' title='bbox 225 1179 264 1246; x_wconf 74' lang='grc' dir='ltr'><strong><em>δέ</em></strong></span> <span class='ocrx_word' id='word_1_61' title='bbox 285 1189 389 1264; x_wconf 80' lang='grc' dir='ltr'><strong><em>νομῆς</em></strong></span> <span class='ocrx_word' id='word_1_62' title='bbox 415 1187 474 1263; x_wconf 81' lang='grc' dir='ltr'><strong><em>της</em></strong></span> <span class='ocrx_word' id='word_1_63' title='bbox 496 1181 670 1263; x_wconf 81' lang='grc' dir='ltr'><strong><em>συνήθους</em></strong></span> <span class='ocrx_word' id='word_1_64' title='bbox 692 1177 824 1265; x_wconf 73' lang='grc' dir='ltr'><strong><em>ἀπορίη.</em></strong></span> <span class='ocrx_word' id='word_1_65' title='bbox 870 1175 1021 1264; x_wconf 78' lang='grc' dir='ltr'><strong><em>δένδρων</em></strong></span> <span class='ocrx_word' id='word_1_66' title='bbox 1043 1199 1079 1244; x_wconf 87' lang='grc' dir='ltr'><strong><em>τε</em></strong></span> <span class='ocrx_word' id='word_1_67' title='bbox 1101 1177 1219 1264; x_wconf 74' lang='grc' dir='ltr'><strong><em>παρ-2</em></strong></span> 
     </span>
    </p>
   </div>
   <div class='ocr_carea' id='block_1_3' title="bbox 159 1283 1329 1382">
    <p class='ocr_par' dir='ltr' id='par_1_3' title="bbox 159 1283 1329 1382">
     <span class='ocr_line' id='line_1_10' title="bbox 159 1283 1329 1382; baseline -0.009 -30"><span class='ocrx_word' id='word_1_68' title='bbox 159 1289 332 1373; x_wconf 87' lang='grc' dir='ltr'><strong><em>ποφόρων,</em></strong></span> <span class='ocrx_word' id='word_1_69' title='bbox 362 1287 424 1352; x_wconf 82' lang='grc' dir='ltr'><strong><em>ὅσα</em></strong></span> <span class='ocrx_word' id='word_1_70' title='bbox 452 1286 496 1370; x_wconf 79' lang='grc' dir='ltr'><strong><em>μη</em></strong></span> <span class='ocrx_word' id='word_1_71' title='bbox 526 1284 677 1370; x_wconf 91' lang='grc' dir='ltr'><strong><em>πέφυκεν</em></strong></span> <span class='ocrx_word' id='word_1_72' title='bbox 705 1284 893 1371; x_wconf 77' lang='grc' dir='ltr'><strong><em>ὑπερβολάς</em></strong></span> <span class='ocrx_word' id='word_1_73' title='bbox 921 1294 1069 1370; x_wconf 78' lang='grc' dir='ltr'><strong><em>νιφετῶν</em></strong></span> <span class='ocrx_word' id='word_1_74' title='bbox 1097 1283 1180 1350; x_wconf 80' lang='grc' dir='ltr'><strong><em>ὑπο·</em></strong></span> <span class='ocrx_word' id='word_1_75' title='bbox 1199 1305 1225 1344; x_wconf 85' lang='grc' dir='ltr'><strong><em>ιο</em></strong></span> <span class='ocrx_word' id='word_1_76' title='bbox 1328 1377 1329 1382; x_wconf 11' lang='lat'>¹</span> 
     </span>
    </p>
   </div>
   <div class='ocr_carea' id='block_1_4' title="bbox 159 1389 1181 1693">
    <p class='ocr_par' dir='ltr' id='par_1_4' title="bbox 159 1389 1181 1693">
     <span class='ocr_line' id='line_1_11' title="bbox 159 1389 1180 1477; baseline -0.004 -17"><span class='ocrx_word' id='word_1_77' title='bbox 159 1393 283 1477; x_wconf 87' lang='grc' dir='ltr'><strong><em>μένειν,</em></strong></span> <span class='ocrx_word' id='word_1_78' title='bbox 309 1393 350 1458; x_wconf 83' lang='grc' dir='ltr'><strong><em>τά</em></strong></span> <span class='ocrx_word' id='word_1_79' title='bbox 376 1391 438 1475; x_wconf 74' lang='grc' dir='ltr'><strong><em>μὲν</em></strong></span> <span class='ocrx_word' id='word_1_80' title='bbox 465 1393 513 1470; x_wconf 83' lang='grc' dir='ltr'><strong><em>εἰς</em></strong></span> <span class='ocrx_word' id='word_1_81' title='bbox 539 1391 632 1470; x_wconf 90' lang='grc' dir='ltr'><strong><em>τέλος</em></strong></span> <span class='ocrx_word' id='word_1_82' title='bbox 659 1389 843 1477; x_wconf 80' lang='grc' dir='ltr'><strong><em>ἐξηράνθη,</em></strong></span> <span class='ocrx_word' id='word_1_83' title='bbox 872 1392 913 1457; x_wconf 82' lang='grc' dir='ltr'><strong><em>τά</em></strong></span> <span class='ocrx_word' id='word_1_84' title='bbox 940 1390 979 1456; x_wconf 77' lang='grc' dir='ltr'><strong><em>δὲ</em></strong></span> <span class='ocrx_word' id='word_1_85' title='bbox 1005 1389 1180 1458; x_wconf 83' lang='grc' dir='ltr'><strong><em>έπεκαέντα</em></strong></span> 
     </span>
     <span class='ocr_line' id='line_1_12' title="bbox 159 1496 1180 1585; baseline -0.002 -19"><span class='ocrx_word' id='word_1_86' title='bbox 159 1503 239 1579; x_wconf 83' lang='grc' dir='ltr'><strong><em>τοὺς</em></strong></span> <span class='ocrx_word' id='word_1_87' title='bbox 265 1502 430 1584; x_wconf 83' lang='grc' dir='ltr'><strong><em>βλαστοὺς</em></strong></span> <span class='ocrx_word' id='word_1_88' title='bbox 456 1501 588 1585; x_wconf 78' lang='grc' dir='ltr'><strong><em>ἄκαρπα</em></strong></span> <span class='ocrx_word' id='word_1_89' title='bbox 614 1497 670 1566; x_wconf 79' lang='grc' dir='ltr'><strong><em>ίπλ</em></strong></span> <span class='ocrx_word' id='word_1_90' title='bbox 696 1501 842 1576; x_wconf 83' lang='grc' dir='ltr'><strong><em>πολλοὺς</em></strong></span> <span class='ocrx_word' id='word_1_91' title='bbox 868 1500 1011 1584; x_wconf 87' lang='grc' dir='ltr'><strong><em>χρόνους</em></strong></span> <span class='ocrx_word' id='word_1_92' title='bbox 1040 1496 1180 1582; x_wconf 78' lang='grc' dir='ltr'><strong><em>ἐγένετο.</em></strong></span> 
     </span>
     <span class='ocr_line' id='line_1_13' title="bbox 160 1605 1181 1693; baseline -0.006 -17"><span class='ocrx_word' id='word_1_93' title='bbox 160 1607 397 1693; x_wconf 77' lang='grc' dir='ltr'><strong><em>συνεχύθησαν</em></strong></span> <span class='ocrx_word' id='word_1_94' title='bbox 419 1629 454 1672; x_wconf 87' lang='grc' dir='ltr'><strong><em>τε</em></strong></span> <span class='ocrx_word' id='word_1_95' title='bbox 476 1607 532 1672; x_wconf 81' lang='grc' dir='ltr'><strong><em>καί</em></strong></span> <span class='ocrx_word' id='word_1_96' title='bbox 554 1616 622 1672; x_wconf 89' lang='grc' dir='ltr'><strong><em>τῶν</em></strong></span> <span class='ocrx_word' id='word_1_97' title='bbox 644 1607 760 1672; x_wconf 79' lang='grc' dir='ltr'><strong><em>οἰκιῶν</em></strong></span> <span class='ocrx_word' id='word_1_98' title='bbox 783 1605 904 1690; x_wconf 84' lang='grc' dir='ltr'><strong><em>συχναί</em></strong></span> <span class='ocrx_word' id='word_1_99' title='bbox 925 1606 984 1671; x_wconf 86' lang='grc' dir='ltr'><strong><em>καί</em></strong></span> <span class='ocrx_word' id='word_1_100' title='bbox 1007 1628 1096 1684; x_wconf 89' lang='grc' dir='ltr'><strong><em>τινες</em></strong></span> <span class='ocrx_word' id='word_1_101' title='bbox 1125 1605 1181 1670; x_wconf 80' lang='grc' dir='ltr'><strong><em>καί</em></strong></span> 
     </span>
    </p>
   </div>
   <div class='ocr_carea' id='block_1_5' title="bbox 50 1711 1182 1801">
    <p class='ocr_par' dir='ltr' id='par_1_5' title="bbox 50 1711 1182 1801">
     <span class='ocr_line' id='line_1_14' title="bbox 50 1711 1182 1801; baseline -0.004 -19"><span class='ocrx_word' id='word_1_102' title='bbox 50 1745 58 1760; x_wconf 88' lang='grc'><em>·</em></span> <span class='ocrx_word' id='word_1_103' title='bbox 160 1715 436 1801; x_wconf 85' lang='grc' dir='ltr'><strong><em>περιετράπησαν,</em></strong></span> <span class='ocrx_word' id='word_1_104' title='bbox 465 1712 605 1796; x_wconf 89' lang='grc' dir='ltr'><strong><em>μάλιστα</em></strong></span> <span class='ocrx_word' id='word_1_105' title='bbox 635 1713 673 1780; x_wconf 75' lang='grc' dir='ltr'><strong><em>δὲ</em></strong></span> <span class='ocrx_word' id='word_1_106' title='bbox 702 1713 777 1780; x_wconf 81' lang='grc' dir='ltr'><strong><em>ὅσαι</em></strong></span> <span class='ocrx_word' id='word_1_107' title='bbox 804 1711 841 1780; x_wconf 80' lang='grc' dir='ltr'><strong><em>ἐκ</em></strong></span> <span class='ocrx_word' id='word_1_108' title='bbox 867 1723 935 1780; x_wconf 86' lang='grc' dir='ltr'><strong><em>τῶν</em></strong></span> <span class='ocrx_word' id='word_1_109' title='bbox 963 1714 1072 1780; x_wconf 85' lang='grc' dir='ltr'><strong><em>λίθων</em></strong></span> <span class='ocrx_word' id='word_1_110' title='bbox 1098 1713 1182 1778; x_wconf 84' lang='grc' dir='ltr'><strong><em>κατά</em></strong></span> 
     </span>
    </p>
   </div>
   <div class='ocr_carea' id='block_1_6' title="bbox 159 1793 1226 3083">
    <p class='ocr_par' dir='ltr' id='par_1_6' title="bbox 159 1793 1226 2656">
     <span class='ocr_line' id='line_1_15' title="bbox 159 1793 1225 1922; baseline -0.005 -34"><span class='ocrx_word' id='word_1_111' title='bbox 159 1823 221 1907; x_wconf 78' lang='grc' dir='ltr'><strong><em>τὴν</em></strong></span> <span class='ocrx_word' id='word_1_112' title='bbox 249 1821 404 1888; x_wconf 80' lang='grc' dir='ltr'><strong><em>διάλυσίν</em></strong></span> <span class='ocrx_word' id='word_1_113' title='bbox 431 1842 466 1885; x_wconf 85' lang='grc' dir='ltr'><strong><em>τε</em></strong></span> <span class='ocrx_word' id='word_1_114' title='bbox 493 1821 554 1896; x_wconf 83' lang='grc' dir='ltr'><strong><em>καίΙ</em></strong></span> <span class='ocrx_word' id='word_1_115' title='bbox 576 1818 735 1906; x_wconf 81' lang='grc' dir='ltr'><strong><em>άπότηξιν</em></strong></span> <span class='ocrx_word' id='word_1_116' title='bbox 761 1830 819 1906; x_wconf 73' lang='grc' dir='ltr'><strong><em>τῆς</em></strong></span> <span class='ocrx_word' id='word_1_117' title='bbox 846 1823 966 1906; x_wconf 92' lang='grc' dir='ltr'><strong><em>χιόνος.</em></strong></span> <span class='ocrx_word' id='word_1_118' title='bbox 1016 1829 1115 1885; x_wconf 87' lang='grc' dir='ltr'><strong><em>τοῦτο</em></strong></span> <span class='ocrx_word' id='word_1_119' title='bbox 1143 1793 1225 1922; x_wconf 56' lang='grc' dir='ltr'><strong><em>τὸῇ</em></strong></span> 
     </span>
     <span class='ocr_line' id='line_1_16' title="bbox 160 1925 1181 2013; baseline -0.006 -17"><span class='ocrx_word' id='word_1_120' title='bbox 160 1929 270 2008; x_wconf 87' lang='grc' dir='ltr'><strong><em>πάθος</em></strong></span> <span class='ocrx_word' id='word_1_121' title='bbox 306 1929 383 1994; x_wconf 77' lang='grc' dir='ltr'><strong><em>οὔτε</em></strong></span> <span class='ocrx_word' id='word_1_122' title='bbox 419 1929 583 2013; x_wconf 87' lang='grc' dir='ltr'><strong><em>πρότερόν</em></strong></span> <span class='ocrx_word' id='word_1_123' title='bbox 619 1949 699 1995; x_wconf 88' lang='grc' dir='ltr'><strong><em>ποτε</em></strong></span> <span class='ocrx_word' id='word_1_124' title='bbox 739 1929 922 2012; x_wconf 90' lang='grc' dir='ltr'><strong><em>γενόμενον</em></strong></span> <span class='ocrx_word' id='word_1_125' title='bbox 959 1925 997 1994; x_wconf 79' lang='grc' dir='ltr'><strong><em>ἐν</em></strong></span> <span class='ocrx_word' id='word_1_126' title='bbox 1035 1927 1181 2012; x_wconf 87' lang='grc' dir='ltr'><strong><em>ίστορίας</em></strong></span> 
     </span>
     <span class='ocr_line' id='line_1_17' title="bbox 160 2029 1182 2122; baseline -0.004 -20"><span class='ocrx_word' id='word_1_127' title='bbox 160 2044 274 2122; x_wconf 74' lang='grc' dir='ltr'><strong><em>γραφη</em></strong></span> <span class='ocrx_word' id='word_1_128' title='bbox 298 2035 374 2120; x_wconf 82' lang='grc' dir='ltr'><strong><em>περί</em></strong></span> <span class='ocrx_word' id='word_1_129' title='bbox 396 2043 500 2101; x_wconf 84' lang='grc' dir='ltr'><strong><em>ταῦτα</em></strong></span> <span class='ocrx_word' id='word_1_130' title='bbox 522 2036 562 2100; x_wconf 85' lang='grc' dir='ltr'><strong><em>τά</em></strong></span> <span class='ocrx_word' id='word_1_131' title='bbox 585 2037 689 2120; x_wconf 85' lang='grc' dir='ltr'><strong><em>χωρία</em></strong></span> <span class='ocrx_word' id='word_1_132' title='bbox 716 2037 967 2121; x_wconf 77' lang='grc' dir='ltr'><strong><em>παρειλήφαμεν</em></strong></span> <span class='ocrx_word' id='word_1_133' title='bbox 991 2029 1069 2100; x_wconf 78' lang='grc' dir='ltr'><strong><em>οὔθ’</em></strong></span> <span class='ocrx_word' id='word_1_134' title='bbox 1087 2031 1182 2098; x_wconf 79' lang='grc' dir='ltr'><strong><em>ὕστε-</em></strong></span> 
     </span>
     <span class='ocr_line' id='line_1_18' title="bbox 161 2139 1182 2229; baseline -0.006 -21"><span class='ocrx_word' id='word_1_135' title='bbox 161 2167 223 2229; x_wconf 89' lang='grc' dir='ltr'><strong><em>ρον</em></strong></span> <span class='ocrx_word' id='word_1_136' title='bbox 242 2141 303 2220; x_wconf 82' lang='grc' dir='ltr'><strong><em>ἕως</em></strong></span> <span class='ocrx_word' id='word_1_137' title='bbox 321 2150 381 2207; x_wconf 87' lang='grc' dir='ltr'><strong><em>τοῦ</em></strong></span> <span class='ocrx_word' id='word_1_138' title='bbox 402 2140 480 2207; x_wconf 84' lang='grc' dir='ltr'><strong><em>καθ’</em></strong></span> <span class='ocrx_word' id='word_1_139' title='bbox 496 2142 581 2225; x_wconf 76' lang='grc' dir='ltr'><strong><em>ἡμᾶς</em></strong></span> <span class='ocrx_word' id='word_1_140' title='bbox 603 2143 739 2226; x_wconf 87' lang='grc' dir='ltr'><strong><em>χρόνον,</em></strong></span> <span class='ocrx_word' id='word_1_141' title='bbox 761 2141 882 2227; x_wconf 78' lang='grc' dir='ltr'><strong><em>μετρίῳ</em></strong></span> <span class='ocrx_word' id='word_1_142' title='bbox 905 2139 946 2223; x_wconf 87' lang='grc' dir='ltr'><strong><em>γέ</em></strong></span> <span class='ocrx_word' id='word_1_143' title='bbox 966 2161 1033 2203; x_wconf 95' lang='grc' dir='ltr'><strong><em>τινι</em></strong></span> <span class='ocrx_word' id='word_1_144' title='bbox 1056 2140 1182 2224; x_wconf 80' lang='grc' dir='ltr'><strong><em>βορειό-</em></strong></span> 
     </span>
     <span class='ocr_line' id='line_1_19' title="bbox 160 2244 1183 2334; baseline -0.004 -20"><span class='ocrx_word' id='word_1_145' title='bbox 160 2271 240 2334; x_wconf 89' lang='grc' dir='ltr'><strong><em>τερα</em></strong></span> <span class='ocrx_word' id='word_1_146' title='bbox 265 2257 326 2314; x_wconf 83' lang='grc' dir='ltr'><strong><em>τοῦ</em></strong></span> <span class='ocrx_word' id='word_1_147' title='bbox 353 2247 472 2331; x_wconf 87' lang='grc' dir='ltr'><strong><em>μέσον,</em></strong></span> <span class='ocrx_word' id='word_1_148' title='bbox 498 2248 581 2312; x_wconf 86' lang='grc' dir='ltr'><strong><em>κατά</em></strong></span> <span class='ocrx_word' id='word_1_149' title='bbox 604 2248 664 2312; x_wconf 90' lang='grc' dir='ltr'><strong><em>τὸν</em></strong></span> <span class='ocrx_word' id='word_1_150' title='bbox 686 2246 771 2332; x_wconf 76' lang='grc' dir='ltr'><strong><em>ὑπὲρ</em></strong></span> <span class='ocrx_word' id='word_1_151' title='bbox 790 2244 945 2330; x_wconf 81' lang='grc' dir='ltr'><strong><em>Ἀθηνῶν</em></strong></span> <span class='ocrx_word' id='word_1_152' title='bbox 967 2246 1183 2332; x_wconf 88' lang='grc' dir='ltr'><strong><em>γραφόμενον</em></strong></span> 
     </span>
     <span class='ocr_line' id='line_1_20' title="bbox 161 2351 1226 2439; baseline -0.008 -18"><span class='ocrx_word' id='word_1_153' title='bbox 161 2352 207 2422; x_wconf 78' lang='grc' dir='ltr'><strong><em>δι’</em></strong></span> <span class='ocrx_word' id='word_1_154' title='bbox 230 2352 478 2439; x_wconf 75' lang='grc' dir='ltr'><strong><em>Ἑλλησπόντου</em></strong></span> <span class='ocrx_word' id='word_1_155' title='bbox 509 2352 732 2438; x_wconf 89' lang='grc' dir='ltr'><strong><em>παράλληλον.</em></strong></span> <span class='ocrx_word' id='word_1_156' title='bbox 786 2355 860 2420; x_wconf 87' lang='grc' dir='ltr'><strong><em>τότε</em></strong></span> <span class='ocrx_word' id='word_1_157' title='bbox 892 2351 930 2418; x_wconf 76' lang='grc' dir='ltr'><strong><em>δὲ</em></strong></span> <span class='ocrx_word' id='word_1_158' title='bbox 961 2362 1095 2437; x_wconf 85' lang='grc' dir='ltr'><strong><em>πρῶτον</em></strong></span> <span class='ocrx_word' id='word_1_159' title='bbox 1126 2351 1226 2418; x_wconf 75' lang='grc' dir='ltr'><strong><em>καίεο</em></strong></span> 
     </span>
     <span class='ocr_line' id='line_1_21' title="bbox 160 2457 1183 2546; baseline -0.002 -18"><span class='ocrx_word' id='word_1_160' title='bbox 160 2464 268 2546; x_wconf 91' lang='grc' dir='ltr'><strong><em>μόνον</em></strong></span> <span class='ocrx_word' id='word_1_161' title='bbox 290 2458 385 2546; x_wconf 80' lang='grc' dir='ltr'><strong><em>ἐξέβη</em></strong></span> <span class='ocrx_word' id='word_1_162' title='bbox 408 2471 466 2546; x_wconf 77' lang='grc' dir='ltr'><strong><em>τῆς</em></strong></span> <span class='ocrx_word' id='word_1_163' title='bbox 489 2461 649 2538; x_wconf 77' lang='grc' dir='ltr'><strong><em>εἰωθυίας</em></strong></span> <span class='ocrx_word' id='word_1_164' title='bbox 671 2459 818 2544; x_wconf 86' lang='grc' dir='ltr'><strong><em>κράσεως</em></strong></span> <span class='ocrx_word' id='word_1_165' title='bbox 839 2460 860 2545; x_wconf 81' lang='grc' dir='ltr'><strong><em>η</em></strong></span> <span class='ocrx_word' id='word_1_166' title='bbox 884 2467 944 2526; x_wconf 83' lang='grc' dir='ltr'><strong><em>τοῦ</em></strong></span> <span class='ocrx_word' id='word_1_167' title='bbox 971 2457 1183 2545; x_wconf 81' lang='grc' dir='ltr'><strong><em>περιέχοντος</em></strong></span> 
     </span>
     <span class='ocr_line' id='line_1_22' title="bbox 160 2568 720 2656; baseline -0.004 -22"><span class='ocrx_word' id='word_1_168' title='bbox 160 2569 262 2656; x_wconf 77' lang='grc' dir='ltr'><strong><em>τήνδε</em></strong></span> <span class='ocrx_word' id='word_1_169' title='bbox 284 2571 345 2654; x_wconf 83' lang='grc' dir='ltr'><strong><em>τὴν</em></strong></span> <span class='ocrx_word' id='word_1_170' title='bbox 368 2579 432 2654; x_wconf 81' lang='grc' dir='ltr'><strong><em>γῆν</em></strong></span> <span class='ocrx_word' id='word_1_171' title='bbox 455 2568 565 2653; x_wconf 84' lang='grc' dir='ltr'><strong><em>φάσις.</em></strong></span> <span class='ocrx_word' id='word_1_172' title='bbox 610 2568 720 2634; x_wconf 83' lang='grc' dir='ltr'><strong><em>Ακιόν.</em></strong></span> 
     </span>
    </p>

    <p class='ocr_par' dir='ltr' id='par_1_7' title="bbox 162 2670 1226 3083">
     <span class='ocr_line' id='line_1_23' title="bbox 233 2670 1182 2764; baseline -0.004 -21"><span class='ocrx_word' id='word_1_173' title='bbox 233 2675 337 2743; x_wconf 83' lang='lat' dir='ltr'>VIHL</span> <span class='ocrx_word' id='word_1_174' title='bbox 367 2673 419 2764; x_wconf 82' lang='lat'><strong><em>(9)</em></strong></span> <span class='ocrx_word' id='word_1_175' title='bbox 447 2672 584 2761; x_wconf 81' lang='grc' dir='ltr'><strong><em>Ἑορτάς</em></strong></span> <span class='ocrx_word' id='word_1_176' title='bbox 614 2670 700 2758; x_wconf 76' lang='grc' dir='ltr'><strong><em>ἦγον</em></strong></span> <span class='ocrx_word' id='word_1_177' title='bbox 732 2675 765 2740; x_wconf 87' lang='grc' dir='ltr'><strong><em>ολ</em></strong></span> <span class='ocrx_word' id='word_1_178' title='bbox 792 2671 942 2758; x_wconf 75' lang='grc' dir='ltr'><strong><em>Ῥωμαῖοι</em></strong></span> <span class='ocrx_word' id='word_1_179' title='bbox 973 2675 1032 2752; x_wconf 84' lang='grc' dir='ltr'><strong><em>τὰς</em></strong></span> <span class='ocrx_word' id='word_1_180' title='bbox 1062 2679 1182 2740; x_wconf 89' lang='grc' dir='ltr'><strong><em>καλου-</em></strong></span> 
     </span>
     <span class='ocr_line' id='line_1_24' title="bbox 162 2781 1183 2872; baseline -0.006 -22"><span class='ocrx_word' id='word_1_181' title='bbox 162 2783 264 2866; x_wconf 85' lang='grc' dir='ltr'><strong><em>μένας</em></strong></span> <span class='ocrx_word' id='word_1_182' title='bbox 285 2792 325 2870; x_wconf 76' lang='grc' dir='ltr'><strong><em>τη</em></strong></span> <span class='ocrx_word' id='word_1_183' title='bbox 349 2781 513 2869; x_wconf 73' lang='grc' dir='ltr'><strong><em>ἐπιχωρίῳ</em></strong></span> <span class='ocrx_word' id='word_1_184' title='bbox 535 2781 663 2872; x_wconf 84' lang='grc' dir='ltr'><strong><em>γλάττη</em></strong></span> <span class='ocrx_word' id='word_1_185' title='bbox 687 2782 859 2867; x_wconf 80' lang='grc' dir='ltr'><strong><em>στρωμνάς</em></strong></span> <span class='ocrx_word' id='word_1_186' title='bbox 881 2781 947 2848; x_wconf 82' lang='grc' dir='ltr'><strong><em>ὑπὸ</em></strong></span> <span class='ocrx_word' id='word_1_187' title='bbox 970 2791 1038 2848; x_wconf 89' lang='grc' dir='ltr'><strong><em>τῶν</em></strong></span> <span class='ocrx_word' id='word_1_188' title='bbox 1056 2782 1183 2863; x_wconf 81' lang='grc' dir='ltr'><strong><em>Σιβυλ-</em></strong></span> 
     </span>
     <span class='ocr_line' id='line_1_25' title="bbox 164 2886 1226 2974; baseline -0.008 -19"><span class='ocrx_word' id='word_1_189' title='bbox 164 2892 263 2956; x_wconf 87' lang='grc' dir='ltr'><strong><em>λείων</em></strong></span> <span class='ocrx_word' id='word_1_190' title='bbox 280 2888 517 2966; x_wconf 81' lang='grc' dir='ltr'><strong><em>κελευσθέντες</em></strong></span> <span class='ocrx_word' id='word_1_191' title='bbox 534 2899 698 2974; x_wconf 87' lang='grc' dir='ltr'><strong><em>χρησμῶν.</em></strong></span> <span class='ocrx_word' id='word_1_192' title='bbox 737 2891 837 2966; x_wconf 88' lang='grc' dir='ltr'><strong><em>νόσος</em></strong></span> <span class='ocrx_word' id='word_1_193' title='bbox 859 2888 923 2974; x_wconf 88' lang='grc' dir='ltr'><strong><em>γάρ</em></strong></span> <span class='ocrx_word' id='word_1_194' title='bbox 945 2910 995 2965; x_wconf 89' lang='grc' dir='ltr'><strong><em>τις</em></strong></span> <span class='ocrx_word' id='word_1_195' title='bbox 1018 2886 1183 2970; x_wconf 82' lang='grc' dir='ltr'><strong><em>λοιμῶόης</em></strong></span> <span class='ocrx_word' id='word_1_196' title='bbox 1201 2906 1226 2947; x_wconf 82' lang='grc' dir='ltr'><strong><em>εε</em></strong></span> 
     </span>
     <span class='ocr_line' id='line_1_26' title="bbox 164 2993 1182 3083; baseline -0.004 -19"><span class='ocrx_word' id='word_1_197' title='bbox 164 2997 325 3083; x_wconf 88' lang='grc' dir='ltr'><strong><em>γενομένη</em></strong></span> <span class='ocrx_word' id='word_1_198' title='bbox 352 2997 562 3079; x_wconf 87' lang='grc' dir='ltr'><strong><em>θεόπεμπτός</em></strong></span> <span class='ocrx_word' id='word_1_199' title='bbox 588 3019 623 3062; x_wconf 93' lang='grc' dir='ltr'><strong><em>τε</em></strong></span> <span class='ocrx_word' id='word_1_200' title='bbox 650 2996 706 3064; x_wconf 84' lang='grc' dir='ltr'><strong><em>καί</em></strong></span> <span class='ocrx_word' id='word_1_201' title='bbox 732 2995 798 3062; x_wconf 82' lang='grc' dir='ltr'><strong><em>ὑπὸ</em></strong></span> <span class='ocrx_word' id='word_1_202' title='bbox 826 2995 942 3080; x_wconf 90' lang='grc' dir='ltr'><strong><em>τέχνης</em></strong></span> <span class='ocrx_word' id='word_1_203' title='bbox 965 2993 1182 3080; x_wconf 79' lang='grc' dir='ltr'><strong><em>ἀνθρωπίνης</em></strong></span> 
     </span>
    </p>
   </div>
   <div class='ocr_carea' id='block_1_7' title="bbox 163 3166 1184 3458">
    <p class='ocr_par' dir='ltr' id='par_1_8' title="bbox 163 3166 1184 3458">
     <span class='ocr_line' id='line_1_27' title="bbox 236 3166 1182 3242; baseline -0.002 -17"><span class='ocrx_word' id='word_1_204' title='bbox 236 3177 252 3225; x_wconf 85' lang='grc'>4</span> <span class='ocrx_word' id='word_1_205' title='bbox 284 3169 458 3242; x_wconf 86' lang='grc' dir='ltr'><strong><em>κατενείφθη</em></strong></span> <span class='ocrx_word' id='word_1_206' title='bbox 491 3175 528 3242; x_wconf 86' lang='lat'><strong><em>(=</em></strong></span> <span class='ocrx_word' id='word_1_207' title='bbox 554 3168 725 3242; x_wconf 84' lang='grc' dir='ltr'><strong><em>κατενίφθη)</em></strong></span> <span class='ocrx_word' id='word_1_208' title='bbox 756 3170 852 3226; x_wconf 87' lang='lat' dir='ltr'><strong>Ambr.</strong></span> <span class='ocrx_word' id='word_1_209' title='bbox 890 3166 1051 3240; x_wconf 83' lang='grc' dir='ltr'><strong><em>κατηνέχθη</em></strong></span> <span class='ocrx_word' id='word_1_210' title='bbox 1084 3168 1182 3224; x_wconf 80' lang='lat' dir='ltr'>struve</span> 
     </span>
     <span class='ocr_line' id='line_1_28' title="bbox 165 3239 1182 3314; baseline -0.003 -17"><span class='ocrx_word' id='word_1_211' title='bbox 165 3249 198 3297; x_wconf 82' lang='lat'><strong><em>12</em></strong></span> <span class='ocrx_word' id='word_1_212' title='bbox 218 3239 346 3314; x_wconf 75' lang='grc' dir='ltr'><strong><em>ἐγένοντο</em></strong></span> <span class='ocrx_word' id='word_1_213' title='bbox 365 3243 460 3300; x_wconf 85' lang='lat' dir='ltr'>Ambr.</span> <span class='ocrx_word' id='word_1_214' title='bbox 480 3243 494 3298; x_wconf 85' lang='grc' dir='ltr'><strong><em>ί</em></strong></span> <span class='ocrx_word' id='word_1_215' title='bbox 512 3240 588 3300; x_wconf 85' lang='grc' dir='ltr'><strong><em>ένετο</em></strong></span> <span class='ocrx_word' id='word_1_216' title='bbox 607 3243 706 3298; x_wconf 75' lang='lat' dir='ltr'><strong>Stmve</strong></span> <span class='ocrx_word' id='word_1_217' title='bbox 785 3248 819 3298; x_wconf 80' lang='lat'><strong><em>18</em></strong></span> <span class='ocrx_word' id='word_1_218' title='bbox 838 3239 1014 3312; x_wconf 56' lang='lat' dir='ltr'><strong><em>&#39;dalfinoav</em></strong></span> <span class='ocrx_word' id='word_1_219' title='bbox 1032 3240 1128 3296; x_wconf 87' lang='lat' dir='ltr'><strong>Ambr.</strong></span> <span class='ocrx_word' id='word_1_220' title='bbox 1148 3272 1182 3280; x_wconf 99' lang='lat'><em>-</em></span> 
     </span>
     <span class='ocr_line' id='line_1_29' title="bbox 163 3265 1183 3386; baseline -0.002 -18"><span class='ocrx_word' id='word_1_221' title='bbox 163 3313 335 3386; x_wconf 79' lang='lat' dir='ltr'>Kiesslingio</span> <span class='ocrx_word' id='word_1_222' title='bbox 359 3317 432 3372; x_wconf 66' lang='lat' dir='ltr'><strong>testo</strong></span> <span class='ocrx_word' id='word_1_223' title='bbox 457 3265 613 3386; x_wconf 67' lang='grc' dir='ltr'><strong><em>ἐλέχθησαν</em></strong></span> <span class='ocrx_word' id='word_1_224' title='bbox 628 3347 661 3356; x_wconf 95' lang='grc'>-</span> <span class='ocrx_word' id='word_1_225' title='bbox 681 3311 843 3383; x_wconf 80' lang='grc' dir='ltr'><strong><em>ένίφθησαν</em></strong></span> <span class='ocrx_word' id='word_1_226' title='bbox 869 3330 891 3368; x_wconf 83' lang='grc' dir='ltr'><strong><em>(ι.</em></strong></span> <span class='ocrx_word' id='word_1_227' title='bbox 914 3312 1013 3368; x_wconf 64' lang='grc' dir='ltr'><strong><em>δίωκε</em></strong></span> <span class='ocrx_word' id='word_1_228' title='bbox 1040 3311 1183 3380; x_wconf 83' lang='grc' dir='ltr'><strong><em>έλάθησαν</em></strong></span> 
     </span>
     <span class='ocr_line' id='line_1_30' title="bbox 163 3382 1184 3458; baseline -0.004 -18"><span class='ocrx_word' id='word_1_229' title='bbox 163 3385 308 3456; x_wconf 77' lang='lat' dir='ltr'><strong>Kiessling</strong></span> <span class='ocrx_word' id='word_1_230' title='bbox 326 3388 522 3458; x_wconf 78' lang='grc' dir='ltr'><strong><em>συνεχύθησαν</em></strong></span> <span class='ocrx_word' id='word_1_231' title='bbox 547 3404 600 3458; x_wconf 78' lang='lat' dir='ltr'><strong><em>ego</em></strong></span> <span class='ocrx_word' id='word_1_232' title='bbox 674 3391 706 3440; x_wconf 77' lang='lat'><strong><em>16</em></strong></span> <span class='ocrx_word' id='word_1_233' title='bbox 731 3383 870 3456; x_wconf 80' lang='grc' dir='ltr'><strong><em>διάλυσιν]</em></strong></span> <span class='ocrx_word' id='word_1_234' title='bbox 897 3382 1026 3454; x_wconf 78' lang='grc' dir='ltr'><strong><em>διάχυσιν</em></strong></span> <span class='ocrx_word' id='word_1_235' title='bbox 1045 3401 1069 3439; x_wconf 86' lang='grc' dir='ltr'><strong><em>ο.</em></strong></span> <span class='ocrx_word' id='word_1_236' title='bbox 1087 3382 1184 3438; x_wconf 72' lang='lat' dir='ltr'>Naber</span> 
     </span>
    </p>
   </div>
   <div class='ocr_carea' id='block_1_8' title="bbox 164 3455 1023 3617">
    <p class='ocr_par' dir='ltr' id='par_1_9' title="bbox 164 3455 1023 3617">
     <span class='ocr_line' id='line_1_31' title="bbox 164 3455 875 3529; baseline 0 -18"><span class='ocrx_word' id='word_1_237' title='bbox 164 3457 267 3513; x_wconf 80' lang='lat' dir='ltr'><strong>Mnem.</strong></span> <span class='ocrx_word' id='word_1_238' title='bbox 283 3464 326 3527; x_wconf 76' lang='lat'><strong><em>80,</em></strong></span> <span class='ocrx_word' id='word_1_239' title='bbox 345 3464 397 3514; x_wconf 77' lang='lat'><strong><em>258</em></strong></span> <span class='ocrx_word' id='word_1_240' title='bbox 470 3465 504 3514; x_wconf 75' lang='lat'><strong><em>22</em></strong></span> <span class='ocrx_word' id='word_1_241' title='bbox 523 3466 575 3529; x_wconf 73' lang='grc' dir='ltr'><strong><em>γῆν</em></strong></span> <span class='ocrx_word' id='word_1_242' title='bbox 594 3455 677 3528; x_wconf 78' lang='grc' dir='ltr'><strong><em>άέρος</em></strong></span> <span class='ocrx_word' id='word_1_243' title='bbox 695 3474 717 3512; x_wconf 81' lang='grc' dir='ltr'><strong><em>ο.</em></strong></span> <span class='ocrx_word' id='word_1_244' title='bbox 732 3456 875 3526; x_wconf 76' lang='lat' dir='ltr'><strong>Kiessling</strong></span> 
     </span>
     <span class='ocr_line' id='line_1_32' title="bbox 971 3562 1023 3617; baseline 0.019 -1"><span class='ocrx_word' id='word_1_245' title='bbox 971 3562 1023 3617; x_wconf 75' lang='lat'><strong><em>16¹⁸</em></strong></span> 
     </span>
    </p>
   </div>
   <div class='ocr_carea' id='block_1_9' title="bbox 0 0 1346 3922">
    <p class='ocr_par' dir='ltr' id='par_1_10' title="bbox 0 0 1346 3922">
     <span class='ocr_line' id='line_1_33' title="bbox 0 0 1346 3922; baseline 0 0"><span class='ocrx_word' id='word_1_246' title='bbox 0 0 1346 3922; x_wconf 95' lang='lat' dir='ltr'><strong><em> </em></strong></span> 
     </span>
    </p>
   </div>
  </div>
 </body>
</html>
