2668 3922
581 254 616 262 ·-
653 226 693 276 ΙΑ
730 252 763 262 -
1121 223 1182 289 181

164 353 208 436 μὴ
237 349 293 416 καί
321 347 373 414 ἐπ’
399 349 502 415 αὐτὸν
532 345 628 414 έλθοι
660 348 741 414 ποτε
773 351 837 413 σὺν
869 351 978 435 χρόνῳ
1011 350 1051 414 τὰ
1081 348 1185 432 δεινοί,

163 458 284 542 μαθων
316 457 367 524 ὅτι
401 456 580 541 τυράννοις
614 454 715 520 οὐδέν
749 453 820 520 ἐστι
856 457 987 539 πιστόν,
1024 452 1097 522 οὐδ’
1126 453 1182 520 ἀπ’

163 565 297 641 εὐνοίας
319 565 354 629 αἱ
376 573 445 629 τῶν
467 563 681 649 κρατούντων
699 563 854 628 δίδονταί
874 579 941 627 τισι
963 562 1108 648 γύριτες,
1131 563 1186 628 καί

163 671 271 738 πάντα
293 673 334 736 τὰ
357 671 454 753 ὅμοια
476 670 622 754 τούτοις,
650 669 860 753 μεταγνώτω·
888 670 944 735 καί
971 675 1031 758 μιᾷ
1053 670 1186 757 διανοίᾳ
1207 671 1224 733 7

83 794 151 846 2261
162 778 364 864 χρησάμενοι
382 777 503 854 πάντες
522 775 741 861 ἐλευθεροῦτε
760 775 825 842 ἀπὸ
844 786 911 842 τῶν
929 776 1107 862 τυροίννων
1125 778 1186 861 τὴν
1219 797 1231 838 ι

163 886 321 971 πατρίδα,
348 883 386 951 έν
412 876 435 974 ᾗ
462 891 555 950 θεῶν
577 905 613 949 τε
640 883 721 966 ὑμῖν
747 884 818 969 ἱερὰ
846 884 979 970 ἵδρυται
1004 884 1060 950 καί
1082 889 1187 968 θῆκαι

162 995 341 1079 προγόνων
373 993 471 1075 είσίν,
503 990 562 1069 οὓς
594 990 689 1074 ὑμεῖς
720 999 833 1074 τιμᾶτε
864 992 945 1074 μετὰ
976 992 1095 1076 θεούς,
1131 993 1187 1058 καί

161 1101 295 1187 γηραιοί
322 1098 461 1184 πατέρες
487 1107 627 1184 τροφεῖα
654 1099 762 1164 πολλὰ
789 1098 845 1164 καί
872 1096 947 1176 ἀξια
975 1109 1042 1164 τῶν
1071 1101 1187 1166 πόνων

162 1207 394 1291 ἀπαιτοῦντες,
417 1204 574 1290 γυναῖκές
591 1229 627 1270 τε
644 1207 727 1271 κατὰ
746 1207 871 1288 νόμους
891 1204 1109 1290 έγγυηθείσαι
1131 1208 1193 1273 καί

160 1313 346 1400 θυγατέρες
364 1313 519 1398 ἐπίγαμοι
538 1313 719 1398 φροντίδος
737 1313 778 1378 ού
800 1321 918 1397 μικρᾶς
940 1314 1094 1396 δεόμεναι
1116 1324 1186 1393 τοῖς
1206 1336 1232 1375 1⁰

162 1418 276 1506 έχουσι
298 1421 354 1486 καί
376 1421 475 1504 γοναί
498 1420 628 1486 παίδων
647 1419 809 1506 ἀρρένων,
833 1412 883 1498 οίς
906 1420 1075 1506 ὀφείλεται
1093 1424 1185 1501 <τδι>

162 1529 275 1594 δίκαια
298 1528 431 1612 φύσεως
454 1529 640 1614 προγόνων.
682 1529 788 1605 οἰκίας
811 1529 875 1615 γδιρ
899 1529 941 1613 δὴ
964 1529 1020 1594 καί
1043 1532 1187 1615 κλήρους
1206 1529 1225 1594 8

161 1634 218 1700 καί
244 1637 393 1719 χρήματα
420 1637 486 1702 σὺν
508 1639 644 1712 πολλοῖς
671 1631 837 1718 κτηθέντα
860 1637 977 1713 πόνοις
999 1635 1065 1701 ὑπὸ
1089 1637 1186 1703 πατέ-

163 1764 232 1827 ρων
261 1742 317 1806 καί
346 1741 442 1825 ὑμῶν
471 1742 582 1808 αὐτῶν
610 1753 736 1808 σιωπῶ·
767 1735 815 1806 ὧν
843 1742 945 1820 οὐδὲν
972 1742 1054 1827 ύμῖν
1081 1741 1186 1823 ἔξεστι

161 1850 304 1932 βεβαίως
326 1845 426 1934 ἔχειν,
450 1849 510 1928 ἕως
533 1849 576 1915 δν
597 1849 664 1915 ὑπὸ
687 1860 755 1915 τῶν
778 1848 858 1915 δίκα
880 1857 1104 1936 τυραννῆσθε.
1206 1872 1231 1912 ιο

232 1954 380 2022 XXXXL
403 1958 488 2022 Ούτε
512 1959 699 2043 σωφρόνων
724 1957 800 2022 ούτε
823 1960 989 2040 γενναίων
1012 1956 1105 2024 ἐστίν
1128 1959 1185 2025 ἀν-

160 2063 310 2147 θρώπων
341 2065 382 2130 τὰ
413 2064 475 2148 μὲν
507 2064 665 2150 ἀλλότρια
696 2069 841 2129 κτᾶσθαι
873 2063 917 2128 δι’
940 2064 1185 2150 ἀνδραγαθίαν,

159 2171 200 2235 τὰ
228 2169 258 2235 δ’
276 2172 382 2236 οἰκεῖα
408 2180 570 2257 περιορᾶν
593 2169 807 2252 ἀπολλύμενα
834 2170 890 2235 διδι
917 2173 1082 2252 μαλακίαν
1105 2172 1186 2238 οὐδὲ

159 2279 244 2362 πρὸς
274 2277 336 2358 μὲν
368 2279 539 2355 Αἰκανοὺς
570 2278 626 2343 καί
661 2276 896 2355 Οὐολούσκους
928 2277 984 2342 καί
1013 2280 1186 2361 Σαβίνους

159 2384 313 2461 καὶτοὺς
333 2385 455 2461 ἀλλους
476 2386 667 2470 περιοίκους
689 2383 836 2460 ἅπαντας
858 2387 1016 2467 πολεμείν
1038 2389 1185 2471 μακροὺς
1204 2411 1232 2451 ιο

78 2491 215 2556 mmai
238 2488 471 2568 ἀδιαλείπτους
493 2491 658 2574 πολέμους
677 2490 762 2577 ὑπὲρ
782 2490 885 2576 ἀρχῆς
902 2491 958 2557 καί
977 2492 1184 2578 δυναστείας,

159 2599 243 2685 πρὸς
271 2597 309 2663 δὲ
336 2599 415 2674 τοὺς
441 2599 531 2684 παρὰ
557 2599 664 2680 νόμον
689 2599 852 2684 ἄρχοντας
878 2597 973 2681 ὑμῶν
995 2602 1040 2686 μὴ
1068 2600 1184 2668 θέλειν

160 2707 308 2792 ἀρασθαι
335 2706 376 2769 τδι
403 2705 489 2771 ὅπλα
516 2704 601 2792 ὑπὲρ
629 2705 812 2790 ἀσφαλείας
839 2729 874 2772 τε
901 2708 957 2772 καί
980 2706 1184 2795 ἐλευθερίας.

232 2923 246 2970 1
273 2915 344 2988 έλθγ
371 2916 480 2984 Kayser
508 2917 580 2971 Ann.
606 2917 675 2985 phil.
699 2922 777 2985 1870,
798 2923 849 2973 ⁷26
922 2916 1007 2974 2⁴35&
1024 2917 1137 2982 εὐνοίας
1155 2920 1185 2973 Μ

159 2986 283 3042 Reudler
300 2987 391 3043 Tiroe.
411 2988 472 3043 crit.
492 2993 573 3060 125².
627 2994 642 3042 3
661 2989 728 3060 τισι]
749 2988 828 3057 σφίσι
846 3006 869 3043 ο.
884 2989 1028 3059 Kiessling
1083 2996 1099 3045 6
1117 2991 1184 3059 ὑμῖν

160 3058 225 3112 add.
240 3059 261 3112 L
283 3059 286 3131 λ
307 3057 437 3127 ἵδρυνται
450 3059 476 3114 V
541 3065 573 3114 11
588 3058 749 3127 *ὀφείλεται
763 3058 861 3115 δίκαια
876 3061 985 3128 φύσεως
997 3058 1145 3132 προγόνων
1161 3062 1183 3118 O

159 3129 209 3183 καί
231 3127 379 3200 προγόνων
397 3131 501 3186 Reiske
530 3131 621 3185 οἰκεῖα
643 3132 752 3199 φύσεως
774 3129 922 3202 προγόνων
941 3149 964 3186 ο.
980 3131 1103 3187 Sintenis
1122 3133 1182 3188 Em.

159 3199 241 3254 Dion.
260 3201 352 3256 11124
376 3202 412 3256 τὰ
435 3200 536 3257 δίκαιοι
558 3203 667 3271 φύσεως
691 3219 758 3257 voce
782 3200 930 3273 προγόνων
956 3203 1050 3258 deleta
1075 3205 1119 3260 Ka
1140 3222 1184 3260 ser

159 3272 231 3325 Ann.
256 3272 325 3341 phil.
350 3279 428 3341 1870,
452 3280 503 3328 722
530 3290 593 3328 mea
621 3275 762 3329 sententia
780 3274 815 3329 τὰ
835 3274 1009 3343 addendum,
1035 3295 1107 3347 προγ
1125 3297 1183 3332 νων

158 3343 350 3413 retinendum,
375 3342 523 3415 προγόνων
549 3362 612 3400 oum
639 3344 780 3414 ὀφείλεται
808 3347 1034 3415 coniungendam
1057 3351 1111 3402 est:
1137 3349 1183 3402 die

158 3415 267 3470 Rechte
281 3415 331 3470 der
344 3415 452 3471 Geburt
463 3418 577 3472 werden
591 3419 646 3472 den
655 3417 814 3472 Vorfahren
827 3417 965 3472 verdankt
1030 3425 1062 3474 15
1081 3439 1182 3486 τυραν-

159 3490 256 3542 νεῖσθε
274 3486 330 3541 MV
403 3493 437 3542 20
457 3487 556 3552 ἀλλους
574 3489 622 3543 LV
641 3489 735 3544 om.R
