2656 3932
559 246 593 253 -
630 218 671 269 ΙΑ
707 245 741 254 -
1097 215 1160 281 125

139 339 240 426 ήττον
271 350 331 407 τοῦ
364 339 546 407 ἀντιπάλου
579 342 617 406 τδ
649 341 784 424 οἰκεῖον,
819 350 912 406 νοσεῖ
942 341 983 406 τά
1014 341 1075 408 ὅλα
1106 341 1161 406 καλ

140 457 230 514 πάσα
264 448 359 531 λκανή
392 447 533 530 δύναμις
564 449 605 513 τά
635 456 772 514 τοιαῦτα
804 448 1030 533 στρατεύματα
1065 470 1162 514 κατα-

140 557 351 641 γωνίσασθαι
372 554 429 620 καί
451 561 599 640 φθεῖραι.

53 680 131 730 2116
213 660 300 728 VHL
333 657 431 727 Ταῦτ’
453 659 555 746 ἐστίν,
585 657 611 727 δ
639 664 760 747 βουλή,
789 661 830 726 τά
856 664 1016 745 Σαβίνων
1043 684 1078 727 τε
1107 662 1162 727 καὶ

140 771 300 836 Αἰκανῶν
322 767 555 853 ἐνθυμήματα,
578 761 629 846 οῖς
651 771 904 847 πεπιστευκότες
921 767 1162 854 ἐμβεβλήκασιν
1194 787 1207 828 ο

140 877 235 960 ἡμῶν
263 877 310 954 είς
336 877 398 960 τήν
425 884 497 960 γῆν.
543 873 603 942 ἐὰν
629 875 691 958 μέν
714 870 778 942 οὖν
805 875 1090 962 ἀγανακτήσαντες
1117 887 1161 962 τῷ

141 989 428 1069 καταφρονεῖσθαι
459 983 543 1067 πρὸς
575 982 686 1048 αὐτῶν
716 981 934 1068 ἐπαρθέντων
965 983 1010 1060 ὡς
1046 979 1163 1068 ἔχομεν

142 1089 244 1176 ὀργῆς
267 1090 412 1173 δύναμιν
434 1087 607 1174 ἐξαγαγεῖν
628 1089 680 1156 ἐπ’
697 1090 820 1167 αύτούς
843 1090 1083 1175 ψηφισώμεθα,
1110 1088 1162 1155 δέ-

142 1198 239 1263 δοικα
270 1197 313 1282 μή
350 1193 449 1262 ταῦθ’
480 1198 561 1281 ἡμῖν
596 1196 617 1262 ά
654 1197 848 1283 προύλαβον
884 1195 1006 1264 ἐκεῖνοι
1042 1200 1163 1282 συμβή,

142 1308 270 1387 μᾶλλον
299 1300 330 1368 δ’
356 1297 393 1368 εύ
424 1297 499 1369 οἶδα
530 1304 773 1388 συμβησόμενα.
825 1301 885 1369 ἐάν
915 1303 953 1369 δέ
981 1306 1022 1370 τά
1051 1275 1209 1405 πριῖιταὲ0

142 1411 198 1476 καὶ
224 1409 485 1495 τάναγκαιότατα
511 1410 792 1494 καταστησώμεθα
819 1447 864 1458 -
891 1419 993 1476 ταῦτα
1020 1409 1051 1475 δ’
1072 1409 1164 1476 ἐστίν

142 1518 164 1602 ή
192 1513 220 1581 τ’
243 1516 402 1600 εὐκοσμία
428 1526 488 1582 τοῦ
515 1520 670 1602 πλήθους
696 1517 752 1582 καλ
779 1518 817 1583 τὸ
844 1525 926 1582 πᾶσι
951 1517 1055 1582 ταύτὰ
1082 1533 1164 1600 συμ-

144 1622 291 1709 φέροντα
314 1626 561 1709 φαίνεσθαι-
582 1621 793 1702 ἐξελάσαντες
815 1624 877 1707 μὲν
899 1623 936 1692 ἐκ
958 1633 1017 1709 τῆς
1038 1626 1165 1701 πόλεως

144 1731 206 1814 τήν
232 1739 299 1796 νῦν
324 1728 606 1817 ἐπιχωριάζουσαν
632 1730 734 1816 ύβριν
760 1731 816 1796 καί
846 1729 1052 1816 πλεονεξίαν,
1084 1731 1164 1797 ἀπο-

144 1837 259 1914 δόντες
287 1836 324 1903 δὲ
351 1839 388 1903 τὸ
417 1837 556 1924 ἀρχαῖον
586 1847 693 1924 σχῆμα
721 1847 762 1924 τῇ
792 1841 956 1926 πολιτεία,
986 1837 1165 1923 πτήξαντες
1183 1856 1208 1897 ιε

144 1946 177 2010 οἱ
204 1953 269 2010 νύν
295 1951 435 2030 θρασεῖς
462 1945 517 2010 καλ
544 1947 585 2011 τά
607 1945 693 2012 ὅπλα
716 1945 873 2032 ῥίψαντες
895 1944 932 2012 ἐκ
954 1955 1022 2012 τῶν
1044 1955 1164 2030 χειρῶν

142 2049 281 2136 λήξουσιν
317 2052 362 2128 ὡς
396 2053 481 2136 ἡμᾶς
517 2052 579 2118 ούιι
615 2053 663 2129 εἰς
698 2052 839 2138 μακράν,
875 2051 932 2130 τάς
968 2075 1003 2116 τε
1039 2052 1164 2135 βλάβας

144 2159 407 2242 ή...θούμενοι
424 2159 480 2224 καί
498 2160 575 2244 περὶ
594 2160 784 2243 διαλλαγῶν
802 2156 1042 2241 διαλεξόμενοι,
1060 2157 1165 2242 ὑπάρ-

145 2262 192 2342 ξει
220 2287 256 2329 τε
284 2265 365 2348 ἡμῖν
394 2264 412 2330 δ
442 2265 563 2344 πάντες
593 2265 635 2331 δυ
665 2263 816 2343 εὔξαιντο
847 2266 879 2330 ολ
909 2273 994 2331 νοῦν
1024 2261 1164 2350 ἔχοντες,

144 2371 244 2456 χωρὶς
267 2371 380 2437 ὅπλων
398 2371 716 2456 διαπεπολεμηκέναι
738 2374 798 2438 τὸν
818 2373 901 2458 πρὸς
924 2371 1046 2449 αύτούς
1069 2373 1165 2437 πόλε-
1183 2394 1209 2434 εο

60 2497 133 2546 217⁷
143 2501 216 2560 μου.
252 2486 356 2544 ταῦτα
374 2479 415 2564 δή
435 2478 674 2563 λογισαμένους
693 2479 777 2564 ἡμᾶς
801 2479 911 2562 οίομαι
934 2479 1007 2545 δεῖν
1025 2480 1086 2564 τήν
1104 2479 1165 2562 μὲν
1183 2480 1204 2544 3

144 2583 229 2671 ύπέρ
260 2594 321 2651 τοῦ
352 2585 499 2670 πολέμου
531 2590 670 2672 βουλήν,
706 2583 819 2672 ἐπειδή
856 2586 1054 2672 ταραχωδῶς
1085 2587 1165 2670 ἡμῖν

217 2766 231 2815 1
257 2761 293 2816 τά
318 2759 369 2816 ύλα
394 2761 416 2814 1.
442 2777 476 2816 ex
502 2761 588 2816 τάλλα
614 2764 770 2817 correctum
788 2761 844 2816 VM
917 2765 1123 2831 θδιαφθεῖραι
1140 2779 1163 2816 ο.

144 2831 287 2903 Kieasling
341 2832 450 2888 λαότά
463 2832 489 2886 V
544 2831 757 2902 ῖέπαρθέντων
772 2833 819 2888 vix
833 2851 894 2889 εεεο
908 2850 1008 2888 sanum
1022 2833 1165 2903 Kiensling

145 2905 253 2971 censet,
278 2905 328 2972 qui
354 2903 518 2959 dubitanter
549 2903 580 2958 ἐκ
610 2913 665 2959 τῶν
695 2901 844 2974 παρόντων
874 2905 990 2970 conicit,
1022 2904 1165 2966 τοιαύταις

145 2971 252 3030 ἐλπίσιν
278 2975 324 3031 vel
350 2980 384 3048 τῇ
408 2973 527 3045 ήμετέρα
554 2975 698 3046 διγοοτασί
727 2977 904 3031 ‘addendum
930 2992 991 3030 esso
1014 2991 1037 3030 ο.
1057 2975 1165 3046 Kayser

144 3048 216 3102 Ann.
235 3046 304 3115 phil.
326 3051 403 3114 1870,
424 3053 488 3114 '1243
508 3029 543 3102 tf.
562 3049 658 3102 tamen
678 2995 764 3101 Ttuc.
784 3047 823 3102 IV
839 3053 872 3102 18
945 3052 960 3100 9
980 3044 1098 3109 ἐκείνοις
1116 3045 1164 3100 LV

146 3122 178 3169 11
198 3115 468 3188 *δναγιιαιύταταΟ
543 3123 576 3173 18
596 3162 601 3174 .
619 3161 624 3174 .
641 3161 647 3173 .
662 3119 839 3189 θούμενοιΙι
863 3119 1023 3188 ὠθούμενοι
1041 3118 1067 3172 R
1089 3114 1165 3173 οἰσό-

146 3206 225 3256 μενοι
250 3189 295 3243 vel
322 3187 468 3258 λυσάμενοι
496 3188 619 3260 Sylburg
650 3191 805 3260 ὠνούμενοι
831 3190 932 3244 Portus
964 3189 1166 3260 διορθούμενοι

145 3257 249 3313 Reiske
267 3259 511 3330 ἐπανορθούμενοι
528 3261 672 3331 Kiessling
690 3261 871 3330 ἐξακούμενοι
889 3259 977 3315 Cobet
993 3259 1058 3316 Obs.
1073 3267 1165 3330 11204

145 3329 196 3384 sed
213 3346 276 3386 mea
295 3331 409 3401 quidem
429 3333 569 3388 sententia
587 3332 659 3386 nihil
678 3333 816 3388 eiusmodi
831 3348 923 3401 neque
940 3333 1165 3401 αατορθούμενοι

144 3416 236 3470 neque
265 3404 517 3473 παραμυθούμενοι
548 3404 663 3473 Dionys.
692 3405 818 3473 scripsit,
849 3403 898 3458 sed
925 3403 1051 3458 futurum
1078 3406 1164 3472 temp.

144 3472 341 3542 reperiendum
355 3477 398 3530 est
419 3476 421 3546 ή
444 3473 635 3545 διαλεγόμενοι
648 3475 751 3530 Reiske
807 3480 839 3530 19
858 3475 899 3546 τε]
918 3473 968 3537 τάς
981 3475 1028 3530 LV
1050 3476 1053 3546 Ι
1074 3474 1164 3530 νῖνΟ
