2656 3932
160 216 224 282 130
575 243 608 251 -
646 215 686 266 IA
723 241 756 250 ··

229 340 283 406 XI.
317 345 397 416 Πῶς
427 332 490 404 οὖν
519 335 772 422 ἑπανορθώσετε
802 344 904 401 ταῦτα
926 336 982 401 καί
1004 335 1178 401 παύσεσθε

159 445 203 514 δι’
221 449 327 523 αίτίας
355 447 444 530 παρὰ
474 455 543 522 τοῖς
571 447 721 521 πολίταις
747 445 854 522 δυτεςς
883 451 981 509 τοῦτο
1009 445 1073 528 γὰρ
1099 439 1174 508 ἔσθ’

159 555 345 620 ὑπόλοιπον
381 554 495 618 εἰπεῖν.
555 553 584 617 εί
624 551 861 637 προβούλευμα
895 559 955 616 τοῦ
997 550 1178 634 συνεδρίου

159 665 355 746 ποιήσαντες
393 655 569 742 ἀποδοίητε
601 668 646 746 τῷ
679 658 771 746 δήμῳ
802 658 1000 741 διαγνῶναι,
1036 658 1179 741 πότερον

129 768 248 854 εαύτῷ
282 768 373 832 δοκεῖ
402 767 504 831 πάλιν
529 765 676 842 ὑπάτους
703 763 732 830 τ’
750 762 988 830 ἀποδεικνύναι
1015 763 1070 828 καί
1098 763 1180 846 δημ-

120 937 124 942 .
160 875 283 962 άρχους
311 874 367 939 καί
396 875 453 950 τδς
483 874 585 950 ἀλλας
614 869 717 958 ἀρχάς
739 873 797 949 τάς
819 873 993 958 πατρίους,
1022 869 1043 954 ή
1066 867 1180 952 μένειν

121 981 215 1048 ml
237 987 296 1066 τής
319 981 421 1066 αύτής
443 981 617 1056 πολιτείας.
647 977 707 1044 ἐάν
725 1002 759 1043 τε
782 980 846 1062 γὰρ
869 977 1021 1062 ἀγαπῶσι
1029 974 1180 1060 Ῥωμαῖοι

161 1089 281 1166 πάντες
303 1087 577 1172 ὀλνγαρχούμενοι
601 1086 657 1151 καί
678 1085 792 1169 με’νειν
814 1085 899 1168 ὑμᾶς
921 1083 976 1151 ἐπί
997 1091 1056 1169 τῆς
1079 1083 1182 1168 αὐτῆς

161 1193 312 1273 ἐξουσίας
343 1195 570 1279 ψηφίσωνται,
602 1194 684 1258 κατά
715 1194 821 1275 νόμον
853 1189 939 1269 ἕξετε
970 1192 1026 1257 καί
1054 1192 1094 1257 οὐ
1123 1193 1181 1278 βία

118 1324 143 1363 ιο
161 1303 222 1386 τήν
240 1299 358 1387 ἀρχήν·
382 1299 441 1367 ἐάν
459 1323 495 1365 τε
516 1300 664 1376 ὑπάτους
683 1299 785 1365 πάλιν
799 1299 968 1384 αἱρεῖσθαι
985 1302 1182 1383 βουληθῶσι

162 1409 216 1474 καί
245 1409 303 1486 τοῖς
331 1409 431 1485 ἀλλας
454 1407 555 1493 ἀρχὰς
578 1407 622 1484 ὡς
645 1408 819 1492 πρότερον,
849 1405 1067 1490 ἀποθήσεσθε
1090 1408 1181 1493 νύμςο

162 1519 222 1601 τήν
245 1513 400 1594 ἐξουσίαν
422 1515 478 1580 καί
501 1515 542 1579 ού
566 1511 676 1591 δόξετε
699 1513 849 1579 ἀκόντων
867 1515 981 1600 άρχειν
999 1523 1067 1581 τῶν
1085 1513 1182 1578 ίσονν·

162 1631 260 1688 τοῦτο
292 1622 353 1704 μὲν
380 1624 444 1706 γάρ
476 1623 688 1708 τυραννικόν,
720 1622 757 1686 τὸ
788 1621 826 1686 δὲ
853 1619 931 1707 παρ’
952 1617 1098 1686 ἑκόντων
1125 1621 1183 1696 τὰς

123 1730 143 1792 3
164 1729 266 1813 ἀρχὰς
289 1727 470 1811 λαμβάνειν
489 1724 770 1813 ἀριστοκρατικόν.
802 1736 862 1793 τοῦ
886 1726 924 1792 δὲ
946 1727 1183 1809 πολιτεύματος

120 1856 144 1896 ιι
163 1836 284 1900 τούτου
314 1846 447 1920 πρῶτον
477 1835 587 1918 οἴομαι
614 1836 687 1900 δεῖν
714 1833 810 1921 άρξαι
837 1833 875 1899 σε
896 1834 952 1898 καί
975 1842 1099 1899 παῦσαι
1121 1834 1183 1916 τήν

163 1941 229 2008 ὑπὸ
257 1951 318 2008 σοῦ
346 1949 612 2008 κατασταθεῖσαν
642 1942 847 2027 ὀλιγαρχίαν,
865 1939 1000 2024 ’Ἀππιε,
1028 1944 1272 2024 λυσιτελή2184

163 2049 204 2133 γε’
224 2052 305 2116 ποθ’
321 2050 402 2133 ἡμῖν
424 2048 618 2134 γενομένην,
647 2057 713 2114 νύν
736 2050 768 2113 δ’
785 2047 924 2134 ἐπαχθή.
970 2045 991 2112 δ
1015 2044 1047 2111 δ’
1064 2045 1100 2112 ἐκ
1123 2055 1183 2110 τού

164 2158 347 2241 πεισθῆναί
367 2180 423 2238 μοι
445 2157 500 2222 καῖ
524 2155 716 2222 ἀποθέσθαι
739 2156 800 2239 τήν
818 2153 1011 2241 ἐπίφθονον
1029 2150 1184 2230 ἐξουσίαν

124 2263 289 2347 4ταύτην
319 2264 505 2350 κερδανεῖς,
537 2264 691 2328 ἀκουσον.
738 2260 798 2328 ἐὰν
824 2263 886 2345 μὲν
914 2263 994 2328 ὅλον
1021 2259 1117 2343 ὑμῶν
1145 2261 1183 2324 τὸ

91 2418 93 2421 .
120 2391 146 2429 ιο
165 2369 300 2454 ἀρχεῖον
330 2368 385 2434 ἐπὶ
416 2375 475 2454 τῆς
506 2369 608 2454 αύτής
634 2369 769 2454 γένηται
795 2369 1031 2455 προαιρέσεως,
1063 2368 1119 2433 διά
1147 2367 1185 2432 σὲ

165 2477 286 2552 πάντες
307 2475 536 2560 ὑπολήψονται
562 2478 620 2542 τὸν
643 2474 788 2560 ἄρξαντα
809 2477 865 2542 καί
887 2477 1027 2553 τούτους
1049 2480 1185 2560 γεγενή-

166 2590 248 2648 σθαι
283 2583 461 2667 χρηστούς·
498 2581 557 2648 ἐάν
594 2581 625 2646 δ’
654 2577 748 2648 οὗτοι
784 2587 1017 2669 φιλοχωριῖισιν
1053 2581 1108 2648 ἐπὶ
1143 2591 1184 2667 τῇ

166 2685 348 2776 παρανόμῳ,
378 2689 571 2776 δυναστεία,
604 2688 658 2752 σοί
689 2690 750 2770 μὲν
777 2689 919 2766 ἀπαντες
949 2689 1095 2755 είσονται
1123 2691 1186 2773 τήν

66 2847 72 2857 .
165 2796 273 2881 χάριν,
296 2796 347 2860 ὅτι
369 2792 471 2877 μόνος
493 2793 682 2879 ἐβουλήθης
704 2796 815 2861 δίκαια
837 2806 956 2880 ποιεῖν,
979 2799 1058 2881 τοὺς
1081 2796 1184 2880 δὲμὴ

122 2923 148 2962 ει
165 2903 327 2980 θέλοντας
365 2904 429 2966 σὺν
463 2901 604 2990 αἰσχύνη
636 2902 691 2966 καί
722 2903 846 2993 μεγάλη
878 2903 986 2994 βλάβη
1018 2903 1186 2968 παύσουσι

127 3007 224 3093 ὁτῆς
254 3007 364 3094 ἀρχῆς.
415 3007 591 3092 δμολογίας
621 3007 659 3072 δὲ
686 3009 740 3072 καί
767 3011 893 3088 πίστεις
924 3011 1133 3096 ἀπορρήτους
1157 3011 1189 3076 εἴ

239 3190 254 3236 2
274 3182 352 3255 ἔσθ’]
372 3181 418 3237 ἔθ’
437 3200 459 3237 ο.
474 3182 617 3252 Kiessling
690 3189 723 3238 16
747 3186 870 3254 λυσιτελῆ
888 3182 918 3239 τέ
936 3204 1003 3239 ποτε
1011 3185 1088 3310 ᾶρμῖν
1106 3183 1186 3254 γενό-

167 3273 251 3324 μενον
271 3255 293 3309 O
312 3272 363 3323 pro
380 3274 409 3309 τε
429 3271 451 3308 0.
471 3274 501 3323 γε
519 3254 636 3322 Reiske,
659 3253 709 3324 μέν
728 3253 799 3309 ποθ’
816 3256 883 3325 ἡμῖν
906 3273 929 3310 c.
948 3257 1010 3311 Reu
1042 3273 1072 3310 er
1094 3257 1185 3312 Time.

168 3327 229 3380 crit,
248 3343 275 3393 p.
291 3332 324 3380 66
381 3332 412 3379 17
427 3323 578 3396 γενόμενον
592 3325 614 3380 Ο
630 3343 699 3380 corr.
715 3325 837 3396 Sylburg
892 3333 924 3382 18
943 3325 1098 3398 πεισθῆναί
1114 3349 1146 3397 με
1161 3328 1187 3382 V
1312 3335 1313 3386 Ὺ

168 3403 201 3450 22
228 3400 430 3466 φιλοχωροῖσιν
456 3396 513 3468 ἐπὶ]
543 3397 577 3451 ef.
603 3397 712 3466 Jacoby
738 3397 802 3452 Obs.
827 3399 887 3453 crit.
911 3417 939 3468 p.
960 3405 1011 3453 325
1037 3401 1066 3454 οῖ
1091 3399 1189 3455 Naber

168 3469 269 3522 Mnem.
285 3473 327 3535 30,
342 3473 393 3522 εει
