2662 3920
572 231 729 280 -Ι-
1117 228 1157 292 15

138 357 246 441 δήμου
275 357 313 420 τὸ
343 359 459 420 πλείου
489 353 836 436 ὑποκατακλινόμενον
865 363 937 431 ταλς
964 355 1159 439 θεραπείαις

138 474 206 528 τῶν
233 463 416 548 πατρικίων
438 461 494 526 καί
517 462 713 546 προθυμίαν
736 457 848 527 οάκέτι
870 461 947 546 περί
968 469 1029 526 τοῦ
1052 461 1159 542 νόμου

137 573 199 656 τήν
223 566 331 654 αάτήν
350 570 587 655 παρεχόμενον,
612 567 815 652 ίταμωτὲραν
835 567 917 634 ὁδὸν
936 564 1087 652 ἔγνωσαν
1105 565 1160 632 ἐπί

138 679 179 743 τά
210 675 385 762 πράγματα
416 674 635 761 πορεύεσθαι,
668 671 712 740 δι’
741 671 781 759 ής
810 673 1072 759 καταπλήξονται
1098 675 1161 757 μεν

138 785 199 850 τὸν
228 785 346 868 δῆμον,
376 782 582 866 ἀναβαλοῢσι
612 781 650 846 δὲ
676 783 737 847 τὸν
758 781 897 847 ώπατον.
942 792 1077 868 πρῶτον
1099 745 1204 873 μὲν35

138 892 384 957 κατεσκεύασαν
411 893 522 975 φήμας
547 887 706 972 λέγεσθαι
728 890 811 954 κατά
832 889 895 973 τήν
917 891 1017 954 πόλιν
1039 909 1161 954 παντο-

139 997 257 1076 δαπάς·
284 994 383 1064 ἔπειτ’
406 995 439 1074 ἐξ
463 995 610 1063 ἑωθινοῦ
632 997 849 1078 καθεζόμενοι
872 995 916 1061 δι’
938 996 1017 1080 ὅλης
1038 995 1162 1081 ἡμέρας

139 1105 350 1191 συνήδρευον
380 1103 417 1170 έν
446 1116 492 1190 τῷ
523 1115 673 1190 φανερῷ,
696 1103 928 1186 μεταδιδόντες
950 1100 1071 1170 οάθενί
1093 1113 1162 1168 τῶν

140 1209 267 1290 ἔξωθεν
290 1212 367 1277 οὔτε
390 1211 617 1295 βουλεύματος
639 1211 717 1276 οὔτε
740 1211 852 1294 λόγου.
893 1207 965 1276 ἐπεὶ
988 1211 1026 1276 δὲ
1047 1211 1162 1295 καιρὸς

140 1317 324 1404 ἐπιτήδειος
351 1315 466 1396 ἔδοξεν
493 1314 607 1395 αὐτοῖς
632 1311 718 1384 είναι
741 1317 960 1403 πράττειντὰ
982 1320 1162 1400 βεβουλευ-
1182 1336 1207 1376 10

140 1426 234 1510 με’να,
248 1425 452 1508 πλασάμενοι
470 1425 643 1511 γράμματα
660 1425 717 1490 καί
733 1433 837 1490 ταῦτα
852 1424 1162 1510 παρασκευάσαντες

141 1533 353 1616 ἀναδοθήναι
376 1533 495 1617 σφίσιν
516 1528 574 1596 ἀπ’
597 1531 720 1618 ἀνδρὸς
738 1531 887 1616 ἀγνῶτος
904 1530 1107 1616 καθημένοις
1125 1529 1163 1598 ἐν

143 1637 264 1726 ἀγορᾷ,
296 1639 340 1714 ώς
372 1639 515 1722 διῆλθον
547 1635 645 1723 αάτά,
677 1641 832 1716 παίοντες
867 1640 907 1704 τά
943 1638 1077 1721 μέτωπα
1107 1639 1163 1704 καί

141 1754 300 1830 κατηφεῖς
322 1745 380 1823 τάς
402 1745 495 1825 όήιεις
517 1751 714 1832 ποιήσαντες
737 1743 939 1812 ἀνίστανται.
977 1751 1103 1812 πολλοῦ
1125 1747 1163 1811 δὲ
1181 1745 1203 1808 4

61 1871 132 1921 κοοο
142 1852 392 1938 συνδραμόντος
417 1854 518 1939 όχλου
543 1855 600 1920 καί
621 1853 705 1938 με’γα
727 1877 760 1918 τι
781 1855 885 1919 κακὸν
908 1851 1038 1930 ἐντοῖς
1060 1853 1163 1939 γράμ-
1182 1873 1207 1912 ιι

141 1975 243 2042 μασιν
265 1957 391 2026 ἐνεῖναι
413 1961 643 2046 γεγραμμένον
665 1960 913 2044 μαντευομένου
935 1962 1064 2045 σιωπήν
1082 1982 1164 2046 προ-

140 2065 341 2152 κηρύξαντες
371 2061 478 2134 εἶπον·
515 2066 553 2133 ἐν
583 2065 732 2152 ἐσχάτοις
759 2066 850 2134 ἐστίν
877 2066 959 2150 ὑμίν
980 2067 1163 2152 κινδόνοις,

143 2169 168 2238 ὦ
195 2177 342 2258 πολῖται,
372 2177 410 2240 τὸ
438 2175 630 2258 δημοτικόν·
662 2175 718 2240 καί
741 2176 771 2239 εί
793 2175 837 2259 μή
861 2180 953 2240 θεῶν
975 2197 1025 2251 τις
1048 2174 1163 2239 εὔνοια

28 2337 38 2346 .
141 2281 314 2366 προείδετο
337 2293 405 2346 τῶν
428 2281 526 2346 ἀδικα
548 2281 688 2366 πάσχειν
706 2283 906 2365 μελλόντων,
925 2282 972 2358 είς
990 2281 1103 2358 δεινάς
1121 2280 1164 2346 ἀν

142 2388 284 2464 ἀπαντες
300 2389 451 2470 ήλθομεν
469 2387 652 2473 συμφοράς.
686 2388 870 2470 αἰτούμεθα
884 2386 922 2452 δὲ
934 2386 1021 2470 ὑμᾶς
1034 2391 1164 2474 βραχὺν
1183 2409 1208 2447 ιν

142 2493 291 2579 ἐπισχεῖν
319 2495 454 2579 χρόνον,
485 2493 545 2571 ἕως
574 2503 614 2585 τή
644 2496 750 2580 βουλῇ
775 2494 975 2578 δηλώσομεν
998 2496 1038 2561 τά
1061 2512 1164 2582 προσ-

142 2600 350 2686 αγγελθέντα
385 2601 441 2666 καί
476 2602 563 2683 μετά,
592 2611 706 2686 κοινῆς
742 2601 876 2686 γνώμης
910 2600 1085 2688 πράξωμεν
1123 2604 1164 2668 τά
1324 2671 1325 2682 ς

143 2708 270 2780 δέοντα
307 2704 406 2774 Ταῦτ’
424 2709 573 2786 εἰπόντες
592 2706 719 2796 η’ίχοντο
738 2710 822 2795 πρὸς
838 2711 917 2787 τοὺς
933 2709 1089 2787 ὑπάτους.
1127 2707 1203 2774 ἐνὸ
1324 2719 1325 2724 ’

144 2816 210 2902 ὅσῳ
234 2816 272 2881 δὲ
293 2817 313 2898 ή
338 2817 443 2900 βουλή
472 2819 634 2900 συνήγετο
662 2817 786 2903 χρόνῳ,
814 2816 933 2882 πολλοί
960 2817 1016 2882 καί
1042 2837 1164 2882 παντο-

144 2923 245 2989 δαποί
275 2924 369 3006 λόγοι
398 2923 481 2987 κατά
510 2924 572 3007 τήν
602 2921 728 3008 ἀγοράν
758 2921 925 3008 ἐγίνοντο,
953 2935 1021 2988 τῶν
1043 2923 1105 3006 μὲν
1128 2921 1163 2988 ἐκ
1183 2943 1209 2982 οε

214 3051 232 3099 4
258 3043 297 3099 δι’
320 3041 354 3111 ἧς
379 3044 604 3114 ααταπλήξονται
627 3044 677 3114 μὲν
700 3041 750 3100 τὸν
774 3047 872 3114 δήμου,
896 3046 1069 3116 ἀναβαλοῦοι
1088 3045 1118 3099 δὲ
1141 3045 1163 3100 O

144 3110 333 3188 καταβαλοῦσι
358 3133 381 3171 ο.
406 3115 566 3186 Stephanus
592 3115 788 3186 ἀναλήψονται
812 3133 864 3186 pro
889 3117 1114 3187 ααταπλήξονται
1140 3133 1162 3171 ο.

143 3187 298 3257 Kiessl'mg3
312 3203 376 3242 mea
392 3188 507 3256 quidem
521 3188 662 3242 sententia
674 3187 746 3241 nihil
757 3188 924 3242 mutandum
939 3190 982 3242 est
996 3187 1164 3259 ἀναβάλλειν

143 3259 208 3314 τινὰ
226 3259 308 3314 einen
326 3258 441 3314 l'ahmen
459 3259 504 3327 (cf.
524 3259 602 3313 Dem.
623 3257 716 3313 Chers.
735 3263 842 3330 p.102)
911 3265 943 3314 11
963 3267 1051 3314 ταῦτα
1070 3277 1123 3314 om.
1139 3260 1164 3311 A

145 3337 177 3384 1⁵1
197 3325 281 3384 εἶπαν
295 3330 341 3384 Ba
359 3326 480 3385 είπονΒ
537 3335 570 3384 19
589 3333 702 3398 προεῖδε
721 3331 826 3386 τούτων
846 3329 933 3385 ἄδικα
946 3331 999 3384 ΑΒ
1018 3329 1163 3398 προείδετο

144 3402 249 3458 τούτων
268 3400 294 3456 ἀ.
315 3401 476 3471 0.Sy1burg
540 3407 572 3455 21
593 3400 645 3464 ἕως
664 3403 828 3472 δηλώσομεν
842 3403 888 3455 Ba
907 3400 928 3456 ἕ.
944 3403 1103 3471 δηλώσομεν
1117 3402 1163 3455 Bb

145 3471 196 3534 ἕως
214 3469 250 3526 διν
269 3475 434 3542 δηλώσομεν
452 3473 477 3526 R
541 3479 574 3526 22
594 3472 736 3542 πράξομεν
749 3473 796 3526 Bb
814 3472 961 3542 πράξωμεν
980 3473 1005 3527 Β
1024 3474 1058 3528 cf.
1074 3473 1163 3529 Krebs

144 3543 299 3610 Praeposit.
314 3543 340 3596 II
355 3550 388 3598 16
408 3545 472 3598 adn.
546 3549 580 3598 23
600 3541 701 3598 δέοντα
719 3545 744 3597 Α
768 3541 890 3609 δόξαντα
907 3545 930 3597 Β
