2654 3916
160 203 225 270 268
578 232 612 242 -·
649 204 693 255 ῙΕ
730 232 763 242 -

160 352 218 406 τας
236 329 358 406 αύτούς
376 329 486 413 μηθὲν
505 330 552 407 είς
572 331 649 406 τοὺς
666 327 835 412 ὑπηκόους
852 337 910 412 τής
923 339 992 394 τῶν
1005 325 1180 412 Ῥωμαίων

159 437 338 521 ἡγεμονίας
354 445 571 520 παρανομεῖν,
594 433 752 501 ἀλλὰκαὶ
774 436 906 501 διδόναι
928 437 970 501 τδι
991 436 1103 501 δίκαια
1125 436 1181 500 καί

145 543 353 628 λαμβάνειν,
382 545 452 627 καί,
476 543 566 627 εἴγε
589 542 806 629 διαφέρονται
828 544 912 628 πρὸς
935 537 1114 627 ἀλλήλους,
1136 543 1179 626 μή

161 646 205 715 δι’
232 647 357 735 ὅπλων,
393 649 477 716 ἀλλά
509 651 566 716 διά
597 652 717 734 λόγων,
754 649 905 733 σύμβολα
936 648 1180 734 ποιησαμένους

130 758 244 843 σπρδς
267 756 400 841 αύτούς,
421 757 477 822 καὶ
499 758 537 822 τὸ
561 758 680 822 λοιπὸν
701 757 839 843 εἰρήνην
857 758 952 841 ἀγειν
970 757 1054 844 πρὸς
1076 757 1180 822 ἅπαν·
1190 770 1260 820 2815

160 887 219 942 τας
240 866 320 940 τοὺς
342 872 593 950 περιοικοῦντας
620 865 657 930 τὸ
686 865 895 950 Τυρρηνικὸν
917 863 1075 948 πέλαγος,
1102 860 1176 949 μήτ’

161 971 284 1048 αύτούς
306 968 387 1057 ἔργα
409 971 629 1056 πράττοντας,
646 970 668 1035 δ
688 972 732 1056 μή
755 974 915 1056 προσήκει
930 967 1083 1056 Ἕλλησι,
1101 974 1181 1056 μήτε

160 1088 230 1156 τοῖς
252 1079 435 1164 πρύττουσι
458 1087 718 1164 συνεργοῦντας·
745 1079 886 1162 μάλιστα
914 1075 944 1143 δ’
963 1079 993 1144 εί
1021 1079 1180 1144 δύναιντο

159 1187 354 1272 θεραπείαις
381 1194 449 1250 τῶν
476 1185 631 1250 δυνατῶν
655 1185 969 1270 παρασκευάσοντας
995 1184 1181 1270 ἀποστήναι

116 1315 143 1356 ιο
160 1293 221 1377 μέν
249 1291 313 1358 ἀπὸ
341 1297 520 1358 Σαυνιτῶν
547 1293 609 1376 τήν
636 1294 746 1376 πόλιν,
774 1294 872 1378 σφίσι
899 1289 930 1357 δ’
948 1293 1063 1370 αὐτοῖς
1089 1291 1181 1376 γενέ-

120 1401 243 1466 ioum
270 1401 383 1486 φίλην.
429 1396 481 1486 (5)
495 1395 640 1484 Ἔτυχον
668 1399 706 1465 δὲ
732 1401 815 1465 κατὰ
841 1400 902 1466 τὸν
926 1399 1030 1466 αὐτὸν
1056 1401 1181 1484 χρόνον

160 1506 339 1593 ἀφιγμένοι
353 1507 441 1592 πρὸς
462 1509 542 1584 τοὺς
559 1508 770 1585 Νεαπολίτας
792 1505 947 1592 πρέσβεις
969 1506 1035 1572 ὑπὸ
1054 1511 1182 1591 Ταραν-

159 1617 262 1680 τίνων
295 1611 549 1696 ἀποσταλέντες,
581 1613 702 1698 ἀνδρες
733 1612 907 1700 ἐπιφανείς
938 1613 994 1678 καί
1025 1611 1181 1699 πρόξενοι

160 1722 216 1786 διὰ
238 1719 359 1803 γένους
380 1729 448 1784 τῶν
465 1724 699 1786 Νεαπολιτῶν·
722 1721 778 1786 καί
796 1721 903 1804 έτεροι
920 1719 987 1786 ὑπὸ
1005 1719 1182 1786 Νωλάνων

116 1847 141 1890 ιι
160 1826 292 1912 ὁμόρων
310 1827 419 1892 όντων
436 1827 492 1892 καί
511 1827 644 1911 σφόδρα
661 1829 741 1905 τοὺς
753 1817 917 1912 Ἕλληνας
935 1825 1181 1911 ἀσπαζομένων,

159 1930 320 2000 τάναντία
346 1937 426 2010 τοὺς
453 1935 665 2011 Νεαπολίτας
694 1931 891 2012 ἀξιώσοντες
919 1937 1000 2019 μήτε
1029 1936 1180 2018 σύμβολα

160 2047 332 2107 ποιεῖσθαι
358 2043 442 2126 πρὸς
468 2044 548 2118 τοὺς
566 2037 745 2124 Ῥωμαίους
771 2041 791 2126 ή
819 2045 899 2120 τοὺς
926 2041 1096 2127 ὑπηκόους
1122 2041 1180 2106 αύ-

120 2147 140 2212 3
159 2159 227 2214 τῶν
249 2151 329 2232 μήτε
353 2149 553 2214 διαλύεσθαι
574 2149 636 2232 τήν
659 2149 742 2234 πρὸς
765 2150 935 2226 Σαυνίτας
959 2150 1083 2235 φιλίαν.
1121 2146 1180 2214 ἐὰν
1190 2165 1261 2215 2316

160 2255 198 2321 δὲ
219 2256 344 2340 ταύτην
367 2259 570 2341 ποιήσωνται
589 2253 740 2338 Ῥωμαῖοι
761 2265 822 2322 τοῦ
845 2255 992 2339 πολέμου
1015 2257 1077 2340 τήν
1099 2258 1181 2341 πρό-

115 2383 142 2426 ιο
160 2379 275 2448 φασιν,
302 2363 346 2447 μή
372 2362 546 2448 ὀρρωδεῖν,
573 2363 651 2447 μηδ’
668 2364 712 2441 ὡς
740 2365 868 2448 ἄμαχόν
890 2387 966 2428 τινα
992 2364 1054 2448 τήν
1082 2364 1180 2448 ἰσχὺν

160 2469 271 2535 αὐτῶν
297 2475 585 2556 καταπεπλῆχθαι,
613 2465 697 2535 ἀλλά
724 2469 837 2553 μένειν
863 2472 1026 2554 γενναίως
1052 2469 1108 2535 καί
1135 2469 1181 2547 ὡς

159 2586 327 2662 προσήκεν
346 2573 483 2661 Ἕλλησι
497 2655 499 2660 ¹
512 2581 680 2661 πολεμεῖν,
709 2586 749 2662 τή
777 2573 806 2641 τ’
830 2578 936 2664 οἰκείᾳ
962 2577 1180 2653 πιστεύοντας

158 2753 273 2808 Reiskio
297 2753 393 2807 deesse
415 2751 466 2815 τὰς
484 2749 598 2814 ἀδικίας
615 2751 660 2807 vel
681 2751 732 2814 τὰς
749 2750 928 2822 παρανομίας
945 2752 990 2808 vel
1006 2752 1065 2807 isle
1084 2752 1152 2821 quid
1174 2753 1176 2824 i

159 2825 332 2890 ἀξιώσαντας
345 2823 371 2878 V
385 2840 454 2878 corr.
470 2823 593 2893 Sylburg
640 2828 656 2876 3
675 2823 724 2877 καλ
743 2823 894 2878 delendum
913 2840 974 2879 esse
987 2840 1010 2878 ο.
1021 2823 1151 2878 Valesius
1173 2833 1176 2887 ι

159 2895 189 2950 εί
202 2915 233 2965 γε
264 2895 295 2951 εί
307 2915 335 2950 τι
357 2911 380 2949 ο,
400 2894 523 2964 Sylburg
598 2901 615 2948 4
640 2897 705 2964 post
730 2892 819 2964 λόγων
843 2894 959 2950 verbum
984 2895 1122 2950 excidisse
1146 2897 1180 2949 ut

159 2969 208 3022 δια
242 2971 349 3022 σασθαι
375 2966 420 3021 vel
446 2965 505 3020 tale
533 2965 602 3034 quid
630 2982 653 3020 ο.
675 2965 847 3035 Stephanus,
873 2964 1023 3034 κρίνεσθαι
1046 2965 1092 3021 vel
1117 2969 1180 3021 δια-

158 3036 309 3106 κρίνεσθαι
327 3055 350 3092 ο.
364 3037 468 3092 Reisks
496 3037 499 3108 Ι
526 3034 743 3110 ποιησαμένους]
761 3038 937 3108 ποιήσασθαι
954 3037 1000 3092 vel
1016 3038 1066 3091 καὶ
1085 3037 1180 3092 delen-

159 3109 227 3177 dum
250 3126 272 3164 ο.
295 3108 418 3178 Sylburg
490 3115 506 3162 6
529 3111 595 3176 post
616 3106 679 3178 μήτ’
698 3110 801 3172 αὐτούς
818 3108 934 3164 Reiskio
952 3109 1065 3164 videtur
1082 3110 1179 3164 deesse

158 3178 339 3250 κατατρέχειν
402 3185 417 3234 7
436 3178 472 3234 τά
490 3179 526 3249 μή
545 3180 696 3249 προσήκειν
716 3179 738 3235 Ο
756 3180 792 3234 τὰ
810 3181 847 3250 μή
864 3179 1043 3248 προσήκοντα
1060 3179 1179 3235 Ursinus

160 3251 179 3306 ἃ
197 3251 233 3321 μή
251 3251 386 3321 προσήκει
404 3250 564 3320 Stephanus
584 3250 602 3305 δι
620 3251 656 3321 μή
675 3259 815 3322 προσῆκεν
833 3251 977 3321 Kiessling
996 3252 1032 3306 uf.
1051 3251 1180 3330 Heiileip

158 3322 417 3392 PrognWelihoim
432 3327 536 3390 1873,9
583 3327 598 3376 9
612 3321 769 3390 θεραπείας
783 3323 805 3378 O
821 3339 890 3376 corr.
901 3322 1003 3392 Sylbur
1068 3328 1102 3377 18
1117 3325 1180 3378 δια-

159 3393 288 3477 λύεσθαι]
312 3393 504 3448 καταλύεσθαι
526 3410 549 3447 ο.
568 3394 671 3449 Reiske
744 3398 777 3446 19
796 3393 849 3463 τήν
867 3393 922 3448 del.
936 3341 1065 3449 Heriffein
1082 3394 1178 3464 Progr.

159 3464 315 3519 Weriheim
335 3469 444 3531 lesus
518 3470 551 3518 22
570 3467 745 3527 πιστεύοντες
763 3464 785 3518 0
805 3481 874 3519 corr.
893 3465 993 3520 Portus
