2656 3932
168 180 212 245 90
596 181 751 231 -ι-

167 305 229 388 μὲν
261 304 430 388 δεομένοις
462 305 590 390 πολλήν
622 297 693 370 οἶδε
720 305 829 391 χάριν,
861 303 962 384 αὐτὸς
993 302 1024 370 δ’
1051 304 1114 372 οὐκ
1145 304 1189 371 ἀν

168 412 368 496 ἀγαπήσειεν
397 412 507 498 τυχὼν
535 411 683 496 χάριτος,
714 412 786 496 ήτις
818 411 921 478 αὐτὸν
951 411 1121 496 ἀφελεῖται
1150 413 1189 477 τὸ

168 521 252 603 πρὸς
286 519 324 584 τὸ
360 517 457 602 γένος
493 516 641 602 εύσεβίς,
682 515 755 584 οὐδ’
787 517 830 584 ἀν
865 517 1087 603 ἀπολειφθείη
1128 527 1189 584 τοῦ

168 627 305 712 πατρός,
333 625 457 712 τοσῷδε
485 629 623 708 μᾶλλον,
650 625 718 713 ὅσφ
746 621 777 709 χ’
800 624 1077 709 ἀποθανούμενος
1099 621 1190 710 ἔρχε-

138 757 150 796 ε
168 755 231 817 ται,
249 733 305 798 καί
323 733 444 810 πάντες
461 739 561 797 τοῦτο
580 731 706 797 ἴσασιν·
730 731 814 798 ἀλλά
833 730 996 810 συνεξιὼν
1014 730 1190 815 ἐπαμυνεί-
1317 741 1320 752 “

168 862 218 921 τε,
241 835 304 905 ὅσοι
327 839 482 922 δύναται,
504 838 560 904 καί
582 847 640 922 τῆς
661 838 763 923 αύτής
781 837 896 927 ἐκείνῳ
914 839 1075 917 κοινωνὸς
1098 836 1191 905 ἔσται

128 949 150 1013 4
168 946 277 1031 τύλλς.
315 954 418 1010 ταῦτα
440 954 500 1012 τοῦ
523 947 696 1031 μειρακίου
719 950 991 1031 μαρτυρήσαντος
1013 945 1125 1024 οὐδεὶς
1146 943 1191 1030 ήν

168 1052 205 1130 ὃς
228 1051 290 1117 οὐκ
312 1045 436 1138 ἔπασχέ
454 1075 487 1117 τι
509 1054 593 1138 πρὸς
615 1054 677 1137 τήν
696 1053 801 1138 τύχην
819 1063 888 1118 τῶν
908 1053 1107 1139 ἀνθρώπων.
1145 1054 1191 1130 ὡς
1226 1113 1229 1118 .

169 1159 207 1224 δὲ
233 1159 288 1225 καί
316 1159 412 1224 αὐτοί
435 1159 615 1244 κληθέντες
643 1158 698 1226 ἐπὶ
719 1161 782 1244 τήν
803 1162 990 1245 μαρτυρίαν
1012 1165 1191 1244 παρῆλθον

124 1263 188 1331 ιοὸ
219 1289 255 1331 τε
286 1267 394 1352 πατήρ
417 1265 567 1344 Ἰκίλλιος
598 1267 654 1332 καί
686 1268 724 1332 τὸ
756 1265 928 1352 μειράκιον
958 1267 1014 1332 καί
1041 1268 1079 1332 τὸ
1106 1264 1185 1332 καθ’
1200 1285 1275 1334 2123

168 1373 307 1453 ἑαυτοὺς
330 1370 455 1457 ἔλεξαν,
479 1371 589 1438 οὐκέτι
611 1373 762 1459 κατέχειν
784 1375 824 1438 τά
847 1373 977 1458 δάκρυα
999 1373 1032 1439 οἱ
1054 1376 1191 1452 πλείους

128 1483 149 1548 5
168 1480 331 1548 ἐδύναντο
353 1491 422 1546 τῶν
444 1480 640 1565 δημοτικῶν.
682 1479 953 1565 ἀπολοχηθέντος
976 1480 1014 1545 δὲ
1036 1489 1096 1546 τοῦ
1116 1479 1191 1546 Ῥοι-

167 1591 280 1671 μιλίου
307 1588 363 1653 καί
390 1588 587 1664 διελθόντος
614 1590 716 1672 λόγον
739 1588 817 1653 ούτε
843 1589 1088 1672 θεραπευτικὸν
1113 1589 1192 1653 οὔτε

168 1695 373 1780 ἁρμόττοντα
404 1703 474 1772 τοίς
505 1703 648 1780 καιροῖς,
685 1691 757 1760 ἀλλ’
783 1692 926 1780 ὑψηλόν,
962 1694 1018 1760 καί
1053 1692 1108 1760 ἐπὶ
1144 1706 1190 1781 τῷ
1319 1721 1320 1726 ’

124 1824 150 1865 ιε
169 1801 396 1889 ἀνυπευθύνῳ
432 1811 489 1885 τῆς
526 1798 628 1888 ἀρχῆς
663 1799 747 1886 μέγα
783 1811 977 1889 φρονοῦντα
1009 1803 1191 1880 διπλασίοις

170 1907 244 1991 [ἔτι]
269 1907 531 1993 ἐπερρώσθησαν
554 1909 602 1986 είς
625 1910 688 1994 τήν
714 1908 785 1975 κατ’
808 1910 911 1976 αὐτοῦ
940 1909 1045 1995 ὀργήν
1072 1911 1105 1975 οἱ
1131 1930 1192 1974 πο-

170 2021 265 2082 λίται.
309 2015 365 2081 καί
392 2017 566 2099 γενόμενοι
592 2027 660 2082 τῶν
686 2020 811 2102 ψήφων
839 2017 950 2102 κύριοι
979 2015 1191 2100 κατέγνωσαν

170 2120 298 2189 ἀδικεῖν
326 2122 445 2207 οὕτως,
471 2122 555 2188 ὥστε
583 2123 703 2201 πάσαις
729 2133 801 2201 ταῖς
828 2127 954 2208 ψήφοις
981 2134 1049 2188 τῶν
1071 2127 1192 2207 φυλῶν

169 2231 295 2296 ἁλῶναι
316 2232 377 2296 τὸν
399 2230 515 2316 ἀνδρα.
560 2226 604 2314 ήν
627 2230 665 2296 δὲ
687 2231 725 2296 τὸ
748 2232 871 2313 τίμημα
893 2239 950 2314 τής
973 2230 1067 2314 δίκης
1088 2226 1191 2314 ἀρρυ-

125 2315 275 2443 ξὲρικόν,
306 2336 447 2421 ἀσσάρια
473 2339 584 2424 μυρία.
634 2337 690 2402 καὶ
717 2335 806 2403 τοῦτ’
828 2333 890 2402 οὐκ
920 2338 1001 2402 ἀνευ
1031 2339 1191 2422 προνοίας

169 2445 260 2521 τινὸς
288 2442 306 2508 ὁ
334 2446 470 2521 Σίκκιος
497 2446 635 2529 ποιῆσαί
659 2467 716 2526 μοι
744 2445 850 2527 δοκεῖ,
881 2440 952 2508 ἀλλ’
975 2444 1030 2508 ἵνα
1059 2452 1129 2520 τοῖς
1155 2465 1191 2508 τε

170 2551 354 2635 πατρικίοις
372 2549 553 2636 ἑλάττανή
573 2551 727 2636 περὶτοῦ
747 2549 870 2636 ἀνδρὸς
893 2550 1022 2634 σπουδή
1045 2549 1191 2635 γένηται,

170 2657 225 2721 καί
257 2657 362 2740 μηδὲν
393 2655 596 2744 ἐξαμάρτωσι
627 2658 704 2742 περὶ
734 2658 796 2741 τήν
831 2658 1053 2743 ψηφοφορίαν
1088 2655 1192 2723 ἐνθυ-

170 2762 347 2849 μηθέντες,
380 2760 432 2830 ὅτι
461 2766 508 2842 είς
537 2764 700 2850 ἀργύριον
729 2764 922 2848 ζημιώσεται
953 2763 972 2829 ὁ
1005 2763 1107 2843 ἁλούς
1135 2764 1191 2830 καί

126 2896 152 2937 τε
171 2873 218 2950 είς
250 2870 351 2938 οὐδὲν
383 2869 507 2956 ἕτερον,
543 2870 598 2936 καί
630 2880 701 2948 τοῖς
733 2871 922 2955 δημοτικοῖς
951 2871 972 2955 ή
1009 2873 1093 2957 πρὸς
1128 2873 1191 2956 τήν
1314 2931 1318 2954 ,

243 3090 259 3137 2
278 3083 434 3153 ἀγαπήσειν
446 3082 499 3136 ΑΒ
519 3098 587 3136 corr.
604 3081 726 3153 Sylburg
780 3089 797 3136 4
816 3082 959 3152 οίχεταιΟ
978 3082 1088 3153 ἔρχεται
1102 3081 1191 3137 Cobet

171 3154 236 3209 obs.
256 3173 283 3224 p.
300 3159 350 3209 199
424 3160 440 3208 5
464 3153 688 3223 ἐπαμυνελταιΟ
712 3153 877 3223 ἐπαμυνεῑτε
900 3153 989 3208 Cobet
1010 3153 1074 3208 Obs.
1094 3171 1121 3223 p.
1138 3159 1189 3208 199

172 3227 299 3281 θαάτδιν
318 3223 434 3280 ἐκείνων
453 3225 475 3280 Ο
495 3241 563 3280 corr.
579 3225 682 3280 Reinke
751 3231 783 3278 11
803 3225 947 3288 αύτούςΒ
1016 3230 1049 3279 13
1069 3224 1190 3297 <διε>λ-

171 3295 275 3360 θύννος
293 3295 340 3351 Bb
400 3303 433 3351 15
452 3294 486 3366 μί
503 3317 522 3350 α
541 3305 703 3365 φρονοῦντα
721 3295 744 3350 Ο
768 3293 838 3366 μέγα
856 3304 1030 3365 φρονοῦντος
1048 3295 1191 3366 Kiessling

172 3374 205 3423 16
225 3367 265 3423 ἔτι
284 3367 338 3422 del.
358 3367 446 3422 Cobet
464 3317 529 3423 Οἶιε.
548 3385 576 3437 p.
592 3373 643 3422 199
672 3369 675 3440 A
704 3367 961 3436 ἐπιρρώοθησανΒ
989 3367 992 3438 ή
1020 3366 1048 3421 οἱ
1065 3367 1189 3439 πολῖται]

172 3441 199 3494 ολ
217 3439 314 3494 πολλοὶ
333 3455 356 3493 ο.
371 3439 514 3509 Kiessling
