2662 3920
574 259 608 268 -
645 232 729 288 I-
1117 229 1162 294 49

140 352 350 440 παρατάξεως
372 354 428 420 καλ
450 364 508 438 τῆς
529 354 638 440 χώρας
661 354 773 422 αὐτῶν
795 357 923 439 πολλὴν
943 355 1162 442 καταδραμὼν

141 461 268 544 άπηγεν
291 457 342 527 ἐπ’
361 462 456 527 οίκυυ
479 462 537 538 τὰς
560 461 726 545 δυνάμεις.

212 567 330 634 XXVI„
354 570 459 635 Metti
477 568 516 634 δὲ
542 569 684 646 τούτους
709 568 872 652 ὀλυμπιὰς
894 568 956 652 μὲν
977 565 1021 653 ἦν
1045 567 1162 652 ὀγδοη-

140 677 242 760 κοστη
277 675 333 740 καλ
369 675 498 761 πρώτη,
535 676 579 760 ἣν
616 674 709 742 ἐνίκα
746 675 883 741 στάδιον
920 675 1163 758 Πολύμναστος

140 777 348 866 Κυρηναῖος,
372 779 534 868 Ἀθήνησι
561 783 600 848 δέ
626 784 738 868 άργοτν
765 783 927 867 Καλλίας,
956 779 1010 866 ἐφ’
1033 777 1073 848 οὗ
1101 784 1163 866 την
1195 803 1207 843 τ

138 887 281 954 ύπατον
296 889 402 974 ἀρχὴν
429 888 467 955 ἐν
486 887 589 980 Ῥώμη
617 889 782 975 παρέλαβε
810 889 910 967 Γάιος
933 887 1081 974 Ὁράτιος
1107 889 1163 954 καί

140 997 284 1073 Κόιντος
305 997 491 1082 Μηνύκιος.
537 995 592 1062 ἐπί
618 997 747 1062 τούτων
771 999 913 1080 Σαβίνοι
941 997 1042 1062 πάλιν
1066 1011 1163 1082 στρα-

137 1103 316 1181 τεύσαντες
352 1101 407 1170 ἐπί
436 1101 614 1186 Ῥωμαίους
649 1105 778 1188 πολλὴν
813 1113 871 1188 τῆς
906 1104 1016 1190 χώρας
1052 1103 1163 1170 αὐτῶν

140 1209 302 1300 ἐδῄωσαν,
326 1211 383 1277 καί
404 1207 488 1295 ἧκον
511 1211 544 1276 οἱ
567 1213 732 1296 φυγόντες
754 1208 791 1276 ἐκ
813 1221 881 1276 τῶν
904 1210 1018 1296 ἀγρῶν
1032 1209 1163 1295 1όιῶρόοι

140 1324 336 1403 κρατεῖσθαι
367 1317 476 1384 πάντα
506 1317 563 1384 ὑπ’
591 1317 702 1384 αὐτῶν
732 1319 773 1384 τά
802 1315 922 1400 μεταξὺ
950 1321 1163 1402 Κρουστομε-
1181 1339 1208 1380 ιο

57 1426 232 1509 κοσερείας
253 1448 289 1490 τε
311 1425 368 1490 καὶ
394 1425 541 1510 Φιδήνης
564 1425 725 1509 λέγοντες.
763 1426 910 1492 Αἰκανοί
928 1445 965 1489 τι
988 1426 1021 1490 ολ
1044 1425 1202 1490 νεωστλ2

140 1530 468 1614 καταπολεμηθέντες
495 1530 533 1597 ἐν
559 1541 629 1610 τοῖς
656 1533 771 1610 ὅπλοις
793 1526 895 1609 αὖθις
921 1527 1021 1616 ἦσαν·
1049 1531 1163 1598 καλοί

140 1637 202 1718 μὲν
234 1637 446 1720 ἀκμαιότατοι
477 1639 588 1704 αὐτῶν
619 1640 741 1716 νυκτὸς
774 1638 950 1717 ἐλάσαντος
987 1637 1042 1704 ἐπί
1073 1642 1162 1723 Κορ-

140 1747 248 1825 βιῶνα
283 1747 393 1829 πόλιν,
428 1746 472 1830 ἣν
508 1755 554 1835 τῷ
587 1748 793 1832 παρελθόντι
825 1744 966 1832 ἐνιαυτῷ
994 1743 1163 1828 Ῥωμαίοις

140 1850 341 1936 παρέδοσαν,
367 1856 430 1937 την
456 1876 492 1918 τε
519 1855 675 1940 φρουράν
697 1855 759 1938 τὴν
782 1851 820 1918 ἐν
843 1853 926 1938 αὐτη
954 1852 1163 1937 κοιμωμένην
1182 1873 1207 1916 ιτ

140 1957 295 2044 εὑρόντες
317 1958 527 2046 κατέσφαξαν
549 1962 638 2046 πλην
661 1960 795 2045 ὀλίγον,
820 1961 856 2026 οἳ
876 1957 996 2045 έτυγον
1019 1958 1163 2045 άφυστε-

141 2075 293 2151 ροῶντες,
321 2068 354 2132 οἱ
376 2066 415 2133 δὲ
438 2069 549 2134 λοιποί
571 2069 695 2158 μεγάλη
718 2068 804 2153 χειρί
827 2067 1085 2152 στρατεύσαντες
1109 2065 1163 2132 ἐπὶ

139 2174 239 2240 πόλιν
258 2172 402 2258 Ὀρτῶνα
428 2182 489 2240 τοῦ
513 2178 669 2241 Λατίνων
697 2171 821 2250 έθνους
848 2171 882 2250 ἐξ
910 2171 1037 2257 ἐφόδου
1066 2197 1162 2240 κατα-

139 2279 380 2363 λαμβάνονται,
416 2281 472 2345 καί
508 2281 571 2347 ὅσα
598 2279 776 2362 Ῥαμαίους
813 2279 874 2363 οὐχ
911 2271 980 2344 οίοί
1009 2301 1045 2345 τε
1061 2273 1162 2366 Ιἦσαν

139 2384 364 2470 ἐργάσασθαι,
392 2396 496 2453 ταῦτα
523 2385 568 2452 δι’
591 2387 696 2472 ὀργὴν
722 2389 801 2462 τοὺς
829 2384 1021 2468 συμμάχους
1051 2384 1162 2450 αὐτῶν
1180 2407 1207 2448 ιο

140 2493 307 2559 διέθεσαν.
362 2495 441 2569 τοὺς
476 2494 537 2576 μὲν
573 2496 637 2578 γάρ
670 2491 708 2559 ἐν
738 2493 804 2583 ἥβη
836 2492 976 2576 πάντας,
1012 2493 1100 2577 πλὴν
1132 2493 1201 2558 εί3

139 2623 227 2676 τινες
260 2598 424 2685 διέφυγον
456 2600 562 2678 ε’ύθὺς
594 2599 811 2685 ἁλισκομένης
842 2610 900 2684 τῆς
926 2601 1068 2683 πόλεως,
1100 2597 1161 2664 άπ-

136 2698 301 2791 ,έκτέιναν,
323 2716 484 2790 γυναῖκας
502 2707 540 2774 δὲ
557 2708 613 2773 καί
629 2708 752 2785 παῖδας
771 2707 959 2774 αὐτῶνκαὶ
981 2709 1022 2772 τά
1040 2709 1161 2792 γηραιὰ

140 2825 207 2880 τῶν
225 2815 386 2898 σωμάτων
407 2815 714 2900 ἠνδραποδίσαντο,
735 2816 791 2881 καί
813 2826 880 2881 τῶν
900 2814 1075 2900 χρημάτων
1099 2815 1161 2880 ὅσα

141 2921 281 3005 δύναμις
302 2919 346 3006 ἦν
370 2922 483 3000 αὐτοῖς
506 2923 622 3008 φέρειν
645 2922 930 3006 συσκευασάμενοι
951 2923 1034 2988 κατὰ
1057 2939 1160 2986 σπου·
1179 2942 1205 2982 τι

213 3103 227 3150 1
251 3095 436 3168 καταδρόμων
459 3098 505 3152 Ba
578 3104 594 3152 6
620 3094 800 3170 παρέλαβείίί
822 3097 844 3150 Β
872 3093 1012 3167 παρέλαβε
1036 3097 1061 3149 R
1088 3115 1160 3164 παρ-

140 3164 242 3238 έλαβον
259 3169 402 3240 Kiessling
450 3176 484 3224 14
502 3167 537 3238 ἣν
556 3169 587 3224 ἐν
604 3174 643 3243 τῷ
659 3169 681 3224 0
699 3168 853 3239 μτααέοαΒ
905 3174 938 3222 16
956 3170 1022 3236 post
1040 3169 1160 3236 ἀφυστε-

140 3248 254 3308 ροῦντας
266 3240 364 3298 verba:
379 3241 428 3296 καί
441 3241 493 3313 τὴν
506 3238 588 3302 πόλιν
602 3238 742 3311 κατέσχονΙ
752 3240 833 3309 αότοὶ
847 3239 1025 3294 intercidisse
1036 3238 1159 3294 Sintenis

139 3309 199 3364 Em.
219 3311 300 3367 Dion.
320 3311 359 3366 III
378 3317 393 3366 9
418 3314 534 3380 conicit,
559 3330 622 3366 cum
645 3332 674 3366 τε
697 3311 770 3366 nihil
792 3310 899 3365 habeat
922 3311 967 3365 oui
989 3311 1160 3380 respondeai

140 3387 178 3436 18
197 3380 279 3438 πόλιν
302 3384 424 3454 βιρτῶνα
442 3387 469 3440 A
492 3382 575 3440 πόλιν
590 3401 629 3439 ..ι
645 3384 755 3454 βοτῶνα
773 3382 820 3436 Bb
845 3379 927 3437 πόλιν
1001 3391 1092 3450 ρτῶνα
1113 3381 1159 3434 Ba

140 3453 262 3523 βιρτῶνα
289 3455 383 3523 Lapus
410 3455 459 3510 lib.
476 3455 541 3511 VIII
563 3461 605 3522 91,
626 3462 639 3510 1
663 3457 698 3510 'ei
720 3455 772 3510 *hio
800 3471 863 3508 eum
894 3453 1044 3523 Sylburgio
1074 3453 1158 3521 vulgo

134 3524 260 3592 Ὀρτῶνα
278 3525 383 3595 legitur
454 3533 487 3580 21
507 3525 561 3596 γάρ
580 3545 633 3582 om.
649 3528 671 3580 B
745 3532 778 3580 22
797 3526 885 3587 ιύδύς
904 3542 956 3579 om.
972 3525 998 3577 A

172 3651 176 3658 ·
193 3636 297 3678 mom.
307 3637 370 3678 Hm.
379 3637 419 3677 lv.
433 3642 474 3678 nn.
484 3635 590 3677 Jacomr.
981 3637 998 3684 4
