<?xml version="1.0" encoding="UTF-8"?>
<!DOCTYPE html PUBLIC "-//W3C//DTD XHTML 1.0 Transitional//EN"
    "http://www.w3.org/TR/xhtml1/DTD/xhtml1-transitional.dtd">
<html xmlns="http://www.w3.org/1999/xhtml" xml:lang="en" lang="en">
 <head>
  <title>
</title>
<meta http-equiv="Content-Type" content="text/html;charset=utf-8" />
  <meta name='ocr-system' content='tesseract 3.04.00' />
  <meta name='ocr-capabilities' content='ocr_page ocr_carea ocr_par ocr_line ocrx_word'/>
</head>
<body>
  <div class='ocr_page' id='page_1' title='image "./dionysihalicarn06diongoog_0307.png"; bbox 0 0 2654 3916; ppageno 0'>
   <div class='ocr_carea' id='block_1_1' title="bbox 497 216 1146 283">
    <p class='ocr_par' dir='ltr' id='par_1_1' title="bbox 497 216 1146 283">
     <span class='ocr_line' id='line_1_1' title="bbox 497 216 1146 283; baseline 0.003 -17"><span class='ocrx_word' id='word_1_1' title='bbox 497 243 530 252; x_wconf 84' lang='lat'><em>-</em></span> <span class='ocrx_word' id='word_1_2' title='bbox 568 216 618 268; x_wconf 79' lang='grc' dir='ltr'><strong><em>ιε.</em></strong></span> <span class='ocrx_word' id='word_1_3' title='bbox 646 217 702 268; x_wconf 82' lang='grc' dir='ltr'><strong><em>ιΗ.</em></strong></span> <span class='ocrx_word' id='word_1_4' title='bbox 740 243 774 252; x_wconf 87' lang='grc'>-</span> <span class='ocrx_word' id='word_1_5' title='bbox 1080 217 1146 283; x_wconf 76' lang='lat'><strong><em>285</em></strong></span> 
     </span>
    </p>
   </div>
   <div class='ocr_carea' id='block_1_2' title="bbox 7 339 1195 2975">
    <p class='ocr_par' dir='ltr' id='par_1_2' title="bbox 123 339 1194 1175">
     <span class='ocr_line' id='line_1_2' title="bbox 123 339 1148 430; baseline 0.001 -24"><span class='ocrx_word' id='word_1_6' title='bbox 123 340 180 406; x_wconf 83' lang='grc' dir='ltr'><strong><em>καλ</em></strong></span> <span class='ocrx_word' id='word_1_7' title='bbox 208 339 263 406; x_wconf 76' lang='grc' dir='ltr'><strong><em>ἐπὶ</em></strong></span> <span class='ocrx_word' id='word_1_8' title='bbox 289 341 397 430; x_wconf 87' lang='grc' dir='ltr'><strong><em>τούτφ</em></strong></span> <span class='ocrx_word' id='word_1_9' title='bbox 424 349 469 428; x_wconf 74' lang='grc' dir='ltr'><strong><em>τῷ</em></strong></span> <span class='ocrx_word' id='word_1_10' title='bbox 498 341 615 428; x_wconf 86' lang='grc' dir='ltr'><strong><em>δικαίφ</em></strong></span> <span class='ocrx_word' id='word_1_11' title='bbox 642 339 933 424; x_wconf 76' lang='grc' dir='ltr'><strong><em>καταλυσαμένους</em></strong></span> <span class='ocrx_word' id='word_1_12' title='bbox 962 342 1023 408; x_wconf 87' lang='grc' dir='ltr'><strong><em>τὸν</em></strong></span> <span class='ocrx_word' id='word_1_13' title='bbox 1051 344 1148 408; x_wconf 86' lang='grc' dir='ltr'><strong><em>πόλε-</em></strong></span> 
     </span>
     <span class='ocr_line' id='line_1_3' title="bbox 124 447 1148 535; baseline -0.001 -20"><span class='ocrx_word' id='word_1_14' title='bbox 124 472 190 532; x_wconf 85' lang='grc' dir='ltr'><strong><em>μον</em></strong></span> <span class='ocrx_word' id='word_1_15' title='bbox 208 447 338 515; x_wconf 82' lang='grc' dir='ltr'><strong><em>ἅπαντα</em></strong></span> <span class='ocrx_word' id='word_1_16' title='bbox 355 450 538 513; x_wconf 88' lang='grc' dir='ltr'><strong><em>πείθεσθαι</em></strong></span> <span class='ocrx_word' id='word_1_17' title='bbox 556 447 609 512; x_wconf 82' lang='grc' dir='ltr'><strong><em>δελ</em></strong></span> <span class='ocrx_word' id='word_1_18' title='bbox 625 457 696 524; x_wconf 80' lang='grc' dir='ltr'><strong><em>τοῖς</em></strong></span> <span class='ocrx_word' id='word_1_19' title='bbox 713 450 936 534; x_wconf 77' lang='grc' dir='ltr'><strong><em>παρειληφόσι</em></strong></span> <span class='ocrx_word' id='word_1_20' title='bbox 953 449 1015 534; x_wconf 74' lang='grc' dir='ltr'><strong><em>τὴν</em></strong></span> <span class='ocrx_word' id='word_1_21' title='bbox 1032 447 1148 535; x_wconf 82' lang='grc' dir='ltr'><strong><em>ἀρχήν,</em></strong></span> 
     </span>
     <span class='ocr_line' id='line_1_4' title="bbox 124 553 1148 642; baseline 0.002 -21"><span class='ocrx_word' id='word_1_22' title='bbox 124 557 196 640; x_wconf 89' lang='grc' dir='ltr'><strong><em>καί,</em></strong></span> <span class='ocrx_word' id='word_1_23' title='bbox 223 556 254 620; x_wconf 79' lang='grc' dir='ltr'><strong><em>εί</em></strong></span> <span class='ocrx_word' id='word_1_24' title='bbox 276 555 320 639; x_wconf 77' lang='grc' dir='ltr'><strong><em>μη</em></strong></span> <span class='ocrx_word' id='word_1_25' title='bbox 343 557 522 640; x_wconf 72' lang='grc' dir='ltr'><strong><em>ποιήσουσι</em></strong></span> <span class='ocrx_word' id='word_1_26' title='bbox 543 554 585 619; x_wconf 81' lang='grc' dir='ltr'><strong><em>τά</em></strong></span> <span class='ocrx_word' id='word_1_27' title='bbox 606 556 808 636; x_wconf 90' lang='grc' dir='ltr'><strong><em>κελευόμενα</em></strong></span> <span class='ocrx_word' id='word_1_28' title='bbox 834 553 980 640; x_wconf 80' lang='grc' dir='ltr'><strong><em>ἑκόντες,</em></strong></span> <span class='ocrx_word' id='word_1_29' title='bbox 1007 560 1148 642; x_wconf 80' lang='grc' dir='ltr'><strong><em>πολεμή-</em></strong></span> 
     </span>
     <span class='ocr_line' id='line_1_5' title="bbox 125 660 1188 750; baseline 0.002 -23"><span class='ocrx_word' id='word_1_30' title='bbox 125 678 199 728; x_wconf 89' lang='grc' dir='ltr'><strong><em>σειν</em></strong></span> <span class='ocrx_word' id='word_1_31' title='bbox 231 661 344 740; x_wconf 73' lang='grc' dir='ltr'><strong><em>αὐτοῖς</em></strong></span> <span class='ocrx_word' id='word_1_32' title='bbox 376 661 616 746; x_wconf 86' lang='grc' dir='ltr'><strong><em>ἀπειλούντων,</em></strong></span> <span class='ocrx_word' id='word_1_33' title='bbox 650 660 822 748; x_wconf 88' lang='grc' dir='ltr'><strong><em>ἀφόρητον</em></strong></span> <span class='ocrx_word' id='word_1_34' title='bbox 852 662 1056 748; x_wconf 77' lang='grc' dir='ltr'><strong><em>ἡγησάμενοι</em></strong></span> <span class='ocrx_word' id='word_1_35' title='bbox 1087 663 1188 750; x_wconf 78' lang='grc' dir='ltr'><strong><em>την3</em></strong></span> 
     </span>
     <span class='ocr_line' id='line_1_6' title="bbox 126 768 1194 855; baseline -0.004 -20"><span class='ocrx_word' id='word_1_36' title='bbox 126 768 314 836; x_wconf 83' lang='grc' dir='ltr'><strong><em>αὐθάδειαν</em></strong></span> <span class='ocrx_word' id='word_1_37' title='bbox 336 777 394 854; x_wconf 78' lang='grc' dir='ltr'><strong><em>της</em></strong></span> <span class='ocrx_word' id='word_1_38' title='bbox 416 771 543 846; x_wconf 87' lang='grc' dir='ltr'><strong><em>πόλεως</em></strong></span> <span class='ocrx_word' id='word_1_39' title='bbox 566 769 599 834; x_wconf 85' lang='grc' dir='ltr'><strong><em>ολ</em></strong></span> <span class='ocrx_word' id='word_1_40' title='bbox 621 773 787 834; x_wconf 84' lang='grc' dir='ltr'><strong><em>Σαυνίται</em></strong></span> <span class='ocrx_word' id='word_1_41' title='bbox 809 771 888 846; x_wconf 83' lang='grc' dir='ltr'><strong><em>τοὺς</em></strong></span> <span class='ocrx_word' id='word_1_42' title='bbox 910 769 972 852; x_wconf 66' lang='grc' dir='ltr'><strong><em>μὲν</em></strong></span> <span class='ocrx_word' id='word_1_43' title='bbox 995 769 1150 855; x_wconf 78' lang='grc' dir='ltr'><strong><em>πρέσβεις</em></strong></span> <span class='ocrx_word' id='word_1_44' title='bbox 1182 790 1194 831; x_wconf 86' lang='grc' dir='ltr'><strong><em>ε</em></strong></span> 
     </span>
     <span class='ocr_line' id='line_1_7' title="bbox 125 874 1150 964; baseline 0.001 -22"><span class='ocrx_word' id='word_1_45' title='bbox 125 874 305 942; x_wconf 70' lang='grc' dir='ltr'><strong><em>ἐκέλευσαν</em></strong></span> <span class='ocrx_word' id='word_1_46' title='bbox 323 875 592 942; x_wconf 74' lang='grc' dir='ltr'><strong><em>ἀπαλλάττεσθαι</em></strong></span> <span class='ocrx_word' id='word_1_47' title='bbox 610 885 819 962; x_wconf 81' lang='grc' dir='ltr'><strong><em>παραχρῆμα,</em></strong></span> <span class='ocrx_word' id='word_1_48' title='bbox 837 875 933 942; x_wconf 81' lang='grc' dir='ltr'><strong><em>αὐτοὶ</em></strong></span> <span class='ocrx_word' id='word_1_49' title='bbox 952 877 990 943; x_wconf 77' lang='grc' dir='ltr'><strong><em>δὲ</em></strong></span> <span class='ocrx_word' id='word_1_50' title='bbox 1007 878 1048 943; x_wconf 84' lang='grc' dir='ltr'><strong><em>τά</em></strong></span> <span class='ocrx_word' id='word_1_51' title='bbox 1066 879 1150 964; x_wconf 86' lang='grc' dir='ltr'><strong><em>πρὸς</em></strong></span> 
     </span>
     <span class='ocr_line' id='line_1_8' title="bbox 124 981 1150 1068; baseline 0.001 -20"><span class='ocrx_word' id='word_1_52' title='bbox 124 984 186 1049; x_wconf 76' lang='grc' dir='ltr'><strong><em>τὸν</em></strong></span> <span class='ocrx_word' id='word_1_53' title='bbox 217 985 364 1066; x_wconf 89' lang='grc' dir='ltr'><strong><em>πόλεμον</em></strong></span> <span class='ocrx_word' id='word_1_54' title='bbox 396 981 604 1068; x_wconf 74' lang='grc' dir='ltr'><strong><em>ἐψηφίσαντο</em></strong></span> <span class='ocrx_word' id='word_1_55' title='bbox 635 991 732 1068; x_wconf 74' lang='grc' dir='ltr'><strong><em>κοινῇ</em></strong></span> <span class='ocrx_word' id='word_1_56' title='bbox 764 1005 800 1048; x_wconf 89' lang='grc' dir='ltr'><strong><em>τε</em></strong></span> <span class='ocrx_word' id='word_1_57' title='bbox 831 983 887 1048; x_wconf 79' lang='grc' dir='ltr'><strong><em>καὶ</em></strong></span> <span class='ocrx_word' id='word_1_58' title='bbox 918 984 1001 1050; x_wconf 79' lang='grc' dir='ltr'><strong><em>κατὰ</em></strong></span> <span class='ocrx_word' id='word_1_59' title='bbox 1037 986 1150 1062; x_wconf 85' lang='grc' dir='ltr'><strong><em>πόλεις</em></strong></span> 
     </span>
     <span class='ocr_line' id='line_1_9' title="bbox 125 1089 532 1175; baseline 0 -21"><span class='ocrx_word' id='word_1_60' title='bbox 125 1089 385 1175; x_wconf 79' lang='grc' dir='ltr'><strong><em>εὐτρεπίζεσθαι.</em></strong></span> <span class='ocrx_word' id='word_1_61' title='bbox 428 1090 532 1156; x_wconf 79' lang='lat' dir='ltr'><strong><em>Vrsin.</em></strong></span> 
     </span>
    </p>

    <p class='ocr_par' dir='ltr' id='par_1_3' title="bbox 125 1193 1195 1496">
     <span class='ocr_line' id='line_1_10' title="bbox 197 1193 1149 1283; baseline 0.004 -23"><span class='ocrx_word' id='word_1_62' title='bbox 197 1193 254 1260; x_wconf 88' lang='lat' dir='ltr'><strong><em>HI.</em></strong></span> <span class='ocrx_word' id='word_1_63' title='bbox 285 1196 353 1282; x_wconf 87' lang='lat'><strong>(16,</strong></span> <span class='ocrx_word' id='word_1_64' title='bbox 381 1193 437 1282; x_wconf 90' lang='grc'><strong><em>14)</em></strong></span> <span class='ocrx_word' id='word_1_65' title='bbox 463 1193 512 1261; x_wconf 86' lang='grc' dir='ltr'><strong><em>Ἦ</em></strong></span> <span class='ocrx_word' id='word_1_66' title='bbox 535 1196 597 1280; x_wconf 72' lang='grc' dir='ltr'><strong><em>μὲν</em></strong></span> <span class='ocrx_word' id='word_1_67' title='bbox 627 1197 669 1281; x_wconf 79' lang='grc' dir='ltr'><strong><em>δὴ</em></strong></span> <span class='ocrx_word' id='word_1_68' title='bbox 697 1198 828 1283; x_wconf 84' lang='grc' dir='ltr'><strong><em>φανερά</em></strong></span> <span class='ocrx_word' id='word_1_69' title='bbox 855 1205 915 1263; x_wconf 80' lang='grc' dir='ltr'><strong><em>τοῦ</em></strong></span> <span class='ocrx_word' id='word_1_70' title='bbox 943 1202 1149 1264; x_wconf 83' lang='grc' dir='ltr'><strong><em>Σαυνιτικοῦ</em></strong></span> 
     </span>
     <span class='ocr_line' id='line_1_11' title="bbox 125 1302 1195 1390; baseline -0.002 -22"><span class='ocrx_word' id='word_1_71' title='bbox 125 1302 273 1387; x_wconf 81' lang='grc' dir='ltr'><strong><em>πολέμου</em></strong></span> <span class='ocrx_word' id='word_1_72' title='bbox 300 1305 469 1390; x_wconf 87' lang='grc' dir='ltr'><strong><em>πρόφασις</em></strong></span> <span class='ocrx_word' id='word_1_73' title='bbox 497 1303 553 1368; x_wconf 80' lang='grc' dir='ltr'><strong><em>καί</em></strong></span> <span class='ocrx_word' id='word_1_74' title='bbox 580 1304 664 1390; x_wconf 87' lang='grc' dir='ltr'><strong><em>πρὸς</em></strong></span> <span class='ocrx_word' id='word_1_75' title='bbox 692 1303 839 1381; x_wconf 77' lang='grc' dir='ltr'><strong><em>ἅπαντας</em></strong></span> <span class='ocrx_word' id='word_1_76' title='bbox 866 1303 1032 1390; x_wconf 76' lang='grc' dir='ltr'><strong><em>εὐπρεπὴς</em></strong></span> <span class='ocrx_word' id='word_1_77' title='bbox 1060 1304 1150 1389; x_wconf 81' lang='grc' dir='ltr'><strong><em>λέγε·</em></strong></span> <span class='ocrx_word' id='word_1_78' title='bbox 1169 1326 1195 1366; x_wconf 87' lang='lat'><strong><em>10</em></strong></span> 
     </span>
     <span class='ocr_line' id='line_1_12' title="bbox 126 1408 1150 1496; baseline 0 -20"><span class='ocrx_word' id='word_1_79' title='bbox 126 1417 210 1476; x_wconf 84' lang='grc' dir='ltr'><strong><em>σθαι</em></strong></span> <span class='ocrx_word' id='word_1_80' title='bbox 231 1411 251 1494; x_wconf 77' lang='grc' dir='ltr'>ἡ</span> <span class='ocrx_word' id='word_1_81' title='bbox 270 1413 454 1478; x_wconf 82' lang='grc' dir='ltr'><strong><em>Λευκανῶν</em></strong></span> <span class='ocrx_word' id='word_1_82' title='bbox 477 1408 608 1495; x_wconf 76' lang='grc' dir='ltr'><strong><em>ἐγένετο</em></strong></span> <span class='ocrx_word' id='word_1_83' title='bbox 631 1413 774 1494; x_wconf 73' lang='grc' dir='ltr'><strong><em>βοήθεια</em></strong></span> <span class='ocrx_word' id='word_1_84' title='bbox 796 1421 865 1478; x_wconf 87' lang='grc' dir='ltr'><strong><em>τῶν</em></strong></span> <span class='ocrx_word' id='word_1_85' title='bbox 886 1414 1150 1496; x_wconf 81' lang='grc' dir='ltr'><strong><em>καταφυγόντων</em></strong></span> 
     </span>
    </p>

    <p class='ocr_par' dir='ltr' id='par_1_4' title="bbox 7 1515 1195 2653">
     <span class='ocr_line' id='line_1_13' title="bbox 7 1515 1151 1605; baseline 0.001 -22"><span class='ocrx_word' id='word_1_86' title='bbox 7 1517 8 1522; x_wconf 63' lang='grc'>’</span> <span class='ocrx_word' id='word_1_87' title='bbox 126 1515 177 1584; x_wconf 76' lang='grc' dir='ltr'><strong><em>ἐπ’</em></strong></span> <span class='ocrx_word' id='word_1_88' title='bbox 200 1517 333 1594; x_wconf 88' lang='grc' dir='ltr'><strong><em>αύτούς·</em></strong></span> <span class='ocrx_word' id='word_1_89' title='bbox 363 1518 408 1595; x_wconf 81' lang='grc' dir='ltr'><strong><em>ῶς</em></strong></span> <span class='ocrx_word' id='word_1_90' title='bbox 434 1519 550 1584; x_wconf 82' lang='grc' dir='ltr'><strong><em>κοινὸν</em></strong></span> <span class='ocrx_word' id='word_1_91' title='bbox 573 1517 615 1602; x_wconf 81' lang='grc' dir='ltr'><strong><em>δή</em></strong></span> <span class='ocrx_word' id='word_1_92' title='bbox 643 1539 675 1582; x_wconf 94' lang='grc' dir='ltr'><strong><em>τι</em></strong></span> <span class='ocrx_word' id='word_1_93' title='bbox 701 1525 800 1583; x_wconf 83' lang='grc' dir='ltr'><strong><em>τοῦτο</em></strong></span> <span class='ocrx_word' id='word_1_94' title='bbox 828 1518 884 1584; x_wconf 81' lang='grc' dir='ltr'><strong><em>καί</em></strong></span> <span class='ocrx_word' id='word_1_95' title='bbox 906 1517 1047 1605; x_wconf 84' lang='grc' dir='ltr'><strong><em>πάτριον</em></strong></span> <span class='ocrx_word' id='word_1_96' title='bbox 1071 1515 1151 1596; x_wconf 83' lang='grc' dir='ltr'><strong><em>ἔθος</em></strong></span> 
     </span>
     <span class='ocr_line' id='line_1_14' title="bbox 45 1621 1150 1712; baseline 0.002 -22"><span class='ocrx_word' id='word_1_97' title='bbox 45 1633 166 1710; x_wconf 74' lang='grc' dir='ltr'><strong><em>εειετη</em></strong></span> <span class='ocrx_word' id='word_1_98' title='bbox 186 1621 353 1707; x_wconf 88' lang='grc' dir='ltr'><strong><em>Ῥωμαίων</em></strong></span> <span class='ocrx_word' id='word_1_99' title='bbox 375 1627 471 1690; x_wconf 85' lang='grc' dir='ltr'><strong><em>πόλει</em></strong></span> <span class='ocrx_word' id='word_1_100' title='bbox 492 1634 563 1702; x_wconf 77' lang='grc' dir='ltr'><strong><em>τοις</em></strong></span> <span class='ocrx_word' id='word_1_101' title='bbox 585 1623 817 1707; x_wconf 78' lang='grc' dir='ltr'><strong><em>ἀδικουμένοις</em></strong></span> <span class='ocrx_word' id='word_1_102' title='bbox 839 1625 895 1691; x_wconf 79' lang='grc' dir='ltr'><strong><em>καί</em></strong></span> <span class='ocrx_word' id='word_1_103' title='bbox 921 1626 1150 1712; x_wconf 85' lang='grc' dir='ltr'><strong><em>καταφεύγου-</em></strong></span> 
     </span>
     <span class='ocr_line' id='line_1_15' title="bbox 127 1727 1151 1818; baseline 0.003 -22"><span class='ocrx_word' id='word_1_104' title='bbox 127 1747 182 1796; x_wconf 92' lang='grc' dir='ltr'><strong><em>σιν</em></strong></span> <span class='ocrx_word' id='word_1_105' title='bbox 210 1729 261 1798; x_wconf 81' lang='grc' dir='ltr'><strong><em>ίπ’</em></strong></span> <span class='ocrx_word' id='word_1_106' title='bbox 283 1731 389 1816; x_wconf 78' lang='grc' dir='ltr'><strong><em>αὐτὴν</em></strong></span> <span class='ocrx_word' id='word_1_107' title='bbox 416 1735 571 1816; x_wconf 73' lang='grc' dir='ltr'><strong><em>βοηθεῖν·</em></strong></span> <span class='ocrx_word' id='word_1_108' title='bbox 598 1731 620 1816; x_wconf 73' lang='grc' dir='ltr'><em>ἡ</em></span> <span class='ocrx_word' id='word_1_109' title='bbox 649 1727 680 1796; x_wconf 89' lang='grc' dir='ltr'><strong><em>δ’</em></strong></span> <span class='ocrx_word' id='word_1_110' title='bbox 698 1730 830 1818; x_wconf 82' lang='grc' dir='ltr'><strong><em>ἀφανὴς</em></strong></span> <span class='ocrx_word' id='word_1_111' title='bbox 856 1733 912 1799; x_wconf 80' lang='grc' dir='ltr'><strong><em>καί</em></strong></span> <span class='ocrx_word' id='word_1_112' title='bbox 939 1738 1067 1816; x_wconf 76' lang='grc' dir='ltr'><strong><em>μᾶλλον</em></strong></span> <span class='ocrx_word' id='word_1_113' title='bbox 1091 1733 1151 1798; x_wconf 88' lang='grc' dir='ltr'><strong><em>αύ-</em></strong></span> 
     </span>
     <span class='ocr_line' id='line_1_16' title="bbox 126 1837 1195 1925; baseline -0.004 -22"><span class='ocrx_word' id='word_1_114' title='bbox 126 1840 205 1916; x_wconf 83' lang='grc' dir='ltr'><strong><em>τούς</em></strong></span> <span class='ocrx_word' id='word_1_115' title='bbox 241 1837 472 1922; x_wconf 76' lang='grc' dir='ltr'><strong><em>ἀναγκάζουσα</em></strong></span> <span class='ocrx_word' id='word_1_116' title='bbox 508 1838 709 1905; x_wconf 80' lang='grc' dir='ltr'><strong><em>διαλύεσθαι</em></strong></span> <span class='ocrx_word' id='word_1_117' title='bbox 740 1841 845 1924; x_wconf 77' lang='grc' dir='ltr'><strong><em>(τὴν)</em></strong></span> <span class='ocrx_word' id='word_1_118' title='bbox 879 1843 997 1925; x_wconf 83' lang='grc' dir='ltr'><strong><em>φιλίαν</em></strong></span> <span class='ocrx_word' id='word_1_119' title='bbox 1027 1841 1048 1925; x_wconf 77' lang='grc' dir='ltr'><strong><em>η</em></strong></span> <span class='ocrx_word' id='word_1_120' title='bbox 1082 1851 1151 1906; x_wconf 88' lang='grc' dir='ltr'><strong><em>τῶν</em></strong></span> <span class='ocrx_word' id='word_1_121' title='bbox 1169 1858 1195 1900; x_wconf 79' lang='grc' dir='ltr'><strong><em>ιι</em></strong></span> 
     </span>
     <span class='ocr_line' id='line_1_17' title="bbox 126 1942 1150 2031; baseline 0.002 -21"><span class='ocrx_word' id='word_1_122' title='bbox 126 1949 306 2012; x_wconf 80' lang='grc' dir='ltr'><strong><em>Σαυνιτῶν</em></strong></span> <span class='ocrx_word' id='word_1_123' title='bbox 326 1946 420 2030; x_wconf 84' lang='grc' dir='ltr'><strong><em>λσχύς</em></strong></span> <span class='ocrx_word' id='word_1_124' title='bbox 439 1948 546 2029; x_wconf 77' lang='grc' dir='ltr'><strong><em>πολλή</em></strong></span> <span class='ocrx_word' id='word_1_125' title='bbox 564 1942 593 2011; x_wconf 91' lang='grc' dir='ltr'><strong><em>τ’</em></strong></span> <span class='ocrx_word' id='word_1_126' title='bbox 609 1947 674 2031; x_wconf 77' lang='grc' dir='ltr'><strong><em>ἤδη</em></strong></span> <span class='ocrx_word' id='word_1_127' title='bbox 695 1956 855 2030; x_wconf 86' lang='grc' dir='ltr'><strong><em>γεγονυία</em></strong></span> <span class='ocrx_word' id='word_1_128' title='bbox 877 1946 932 2011; x_wconf 87' lang='grc' dir='ltr'><strong><em>καλ</em></strong></span> <span class='ocrx_word' id='word_1_129' title='bbox 955 1943 1004 2012; x_wconf 76' lang='grc' dir='ltr'><strong><em>ύιι</em></strong></span> <span class='ocrx_word' id='word_1_130' title='bbox 1026 1949 1150 2012; x_wconf 84' lang='grc' dir='ltr'><strong><em>πλείων</em></strong></span> 
     </span>
     <span class='ocr_line' id='line_1_18' title="bbox 126 2052 1151 2139; baseline 0 -21"><span class='ocrx_word' id='word_1_131' title='bbox 126 2056 329 2138; x_wconf 80' lang='grc' dir='ltr'><strong><em>γενήσεσθαι</em></strong></span> <span class='ocrx_word' id='word_1_132' title='bbox 356 2052 568 2138; x_wconf 73' lang='grc' dir='ltr'><strong><em>νομιζομένη,</em></strong></span> <span class='ocrx_word' id='word_1_133' title='bbox 596 2055 674 2133; x_wconf 86' lang='grc' dir='ltr'><strong><em>&lt;εί&gt;</em></strong></span> <span class='ocrx_word' id='word_1_134' title='bbox 697 2057 881 2119; x_wconf 77' lang='grc' dir='ltr'><strong><em>Λευκανῶν</em></strong></span> <span class='ocrx_word' id='word_1_135' title='bbox 908 2075 944 2117; x_wconf 88' lang='grc' dir='ltr'><strong><em>τε</em></strong></span> <span class='ocrx_word' id='word_1_136' title='bbox 970 2052 1151 2139; x_wconf 83' lang='grc' dir='ltr'><strong><em>χειρωθέν-</em></strong></span> 
     </span>
     <span class='ocr_line' id='line_1_19' title="bbox 126 2143 1150 2244; baseline 0 -20"><span class='ocrx_word' id='word_1_137' title='bbox 126 2182 194 2226; x_wconf 89' lang='grc' dir='ltr'><strong><em>των</em></strong></span> <span class='ocrx_word' id='word_1_138' title='bbox 234 2160 290 2225; x_wconf 80' lang='grc' dir='ltr'><strong><em>καί</em></strong></span> <span class='ocrx_word' id='word_1_139' title='bbox 330 2159 375 2225; x_wconf 90' lang='grc' dir='ltr'><strong><em>δι’</em></strong></span> <span class='ocrx_word' id='word_1_140' title='bbox 410 2160 534 2236; x_wconf 83' lang='grc' dir='ltr'><strong><em>αὐτοὺς</em></strong></span> <span class='ocrx_word' id='word_1_141' title='bbox 572 2171 640 2226; x_wconf 84' lang='grc' dir='ltr'><strong><em>τῶν</em></strong></span> <span class='ocrx_word' id='word_1_142' title='bbox 677 2160 867 2244; x_wconf 80' lang='grc' dir='ltr'><strong><em>προσοίκων</em></strong></span> <span class='ocrx_word' id='word_1_143' title='bbox 905 2143 1150 2242; x_wconf 74' lang='grc' dir='ltr'><strong><em>ἀκολουθήσειν</em></strong></span> 
     </span>
     <span class='ocr_line' id='line_1_20' title="bbox 127 2263 1150 2351; baseline -0.001 -19"><span class='ocrx_word' id='word_1_144' title='bbox 127 2263 241 2349; x_wconf 78' lang='grc' dir='ltr'><strong><em>ἔμελλε</em></strong></span> <span class='ocrx_word' id='word_1_145' title='bbox 272 2266 313 2330; x_wconf 93' lang='grc' dir='ltr'><strong><em>τά</em></strong></span> <span class='ocrx_word' id='word_1_146' title='bbox 342 2265 406 2351; x_wconf 87' lang='grc' dir='ltr'><strong><em>[τε]</em></strong></span> <span class='ocrx_word' id='word_1_147' title='bbox 436 2266 623 2350; x_wconf 78' lang='grc' dir='ltr'><strong><em>βαρβαρικά</em></strong></span> <span class='ocrx_word' id='word_1_148' title='bbox 653 2263 738 2350; x_wconf 81' lang='grc' dir='ltr'><strong><em>ἔθνη</em></strong></span> <span class='ocrx_word' id='word_1_149' title='bbox 767 2265 809 2330; x_wconf 84' lang='grc' dir='ltr'><strong><em>τά</em></strong></span> <span class='ocrx_word' id='word_1_150' title='bbox 836 2275 980 2351; x_wconf 79' lang='grc' dir='ltr'><strong><em>προσεχῆ</em></strong></span> <span class='ocrx_word' id='word_1_151' title='bbox 1011 2265 1150 2342; x_wconf 83' lang='grc' dir='ltr'><strong><em>τούτοις.</em></strong></span> 
     </span>
     <span class='ocr_line' id='line_1_21' title="bbox 128 2370 1195 2459; baseline -0.005 -21"><span class='ocrx_word' id='word_1_152' title='bbox 128 2373 165 2438; x_wconf 79' lang='grc' dir='ltr'><strong><em>αἲ</em></strong></span> <span class='ocrx_word' id='word_1_153' title='bbox 198 2395 233 2437; x_wconf 91' lang='grc' dir='ltr'><strong><em>τε</em></strong></span> <span class='ocrx_word' id='word_1_154' title='bbox 270 2372 311 2457; x_wconf 81' lang='grc' dir='ltr'><strong><em>δη</em></strong></span> <span class='ocrx_word' id='word_1_155' title='bbox 349 2372 493 2437; x_wconf 80' lang='grc' dir='ltr'><strong><em>σπονδαί</em></strong></span> <span class='ocrx_word' id='word_1_156' title='bbox 526 2372 607 2455; x_wconf 78' lang='grc' dir='ltr'><strong><em>μετὰ</em></strong></span> <span class='ocrx_word' id='word_1_157' title='bbox 640 2373 702 2457; x_wconf 81' lang='grc' dir='ltr'><strong><em>την</em></strong></span> <span class='ocrx_word' id='word_1_158' title='bbox 736 2370 852 2458; x_wconf 79' lang='grc' dir='ltr'><strong><em>ἀφιξιν</em></strong></span> <span class='ocrx_word' id='word_1_159' title='bbox 885 2382 953 2438; x_wconf 88' lang='grc' dir='ltr'><strong><em>τῶν</em></strong></span> <span class='ocrx_word' id='word_1_160' title='bbox 989 2375 1150 2459; x_wconf 80' lang='grc' dir='ltr'><strong><em>πρεσβευ-</em></strong></span> <span class='ocrx_word' id='word_1_161' title='bbox 1169 2393 1195 2434; x_wconf 85' lang='grc' dir='ltr'><strong><em>ιο</em></strong></span> 
     </span>
     <span class='ocr_line' id='line_1_22' title="bbox 126 2477 1149 2567; baseline 0.001 -22"><span class='ocrx_word' id='word_1_162' title='bbox 126 2485 196 2545; x_wconf 82' lang='grc' dir='ltr'><strong><em>τῶν</em></strong></span> <span class='ocrx_word' id='word_1_163' title='bbox 222 2478 329 2556; x_wconf 79' lang='grc' dir='ltr'><strong><em>εὐθὺς</em></strong></span> <span class='ocrx_word' id='word_1_164' title='bbox 355 2477 527 2563; x_wconf 80' lang='grc' dir='ltr'><strong><em>ἐλέλυντο,</em></strong></span> <span class='ocrx_word' id='word_1_165' title='bbox 554 2480 610 2545; x_wconf 82' lang='grc' dir='ltr'><strong><em>καλ</em></strong></span> <span class='ocrx_word' id='word_1_166' title='bbox 632 2479 783 2566; x_wconf 85' lang='grc' dir='ltr'><strong><em>στρατιαλ</em></strong></span> <span class='ocrx_word' id='word_1_167' title='bbox 806 2479 868 2546; x_wconf 90' lang='grc' dir='ltr'><strong><em>δύο</em></strong></span> <span class='ocrx_word' id='word_1_168' title='bbox 891 2480 1149 2567; x_wconf 90' lang='grc' dir='ltr'><strong><em>κατεγράφοντο.</em></strong></span> 
     </span>
     <span class='ocr_line' id='line_1_23' title="bbox 133 2588 237 2653; baseline -0.01 0"><span class='ocrx_word' id='word_1_169' title='bbox 133 2588 237 2653; x_wconf 75' lang='lat' dir='ltr'><strong><em>Vrsin.</em></strong></span> 
     </span>
    </p>

    <p class='ocr_par' dir='ltr' id='par_1_5' title="bbox 199 2759 1152 2832">
     <span class='ocr_line' id='line_1_24' title="bbox 199 2759 1152 2832; baseline 0 -16"><span class='ocrx_word' id='word_1_170' title='bbox 199 2759 428 2817; x_wconf 67' lang='grc' dir='ltr'><strong><em>εκείσεσθαιΟ</em></strong></span> <span class='ocrx_word' id='word_1_171' title='bbox 451 2759 607 2817; x_wconf 81' lang='grc' dir='ltr'><strong><em>πείθεσθαι</em></strong></span> <span class='ocrx_word' id='word_1_172' title='bbox 630 2761 753 2832; x_wconf 81' lang='lat' dir='ltr'>Sylburg</span> <span class='ocrx_word' id='word_1_173' title='bbox 771 2779 787 2817; x_wconf 86' lang='grc' dir='ltr'><strong><em>ο</em></strong></span> <span class='ocrx_word' id='word_1_174' title='bbox 806 2761 903 2817; x_wconf 79' lang='lat' dir='ltr'><strong>codiee</strong></span> <span class='ocrx_word' id='word_1_175' title='bbox 925 2761 1005 2817; x_wconf 74' lang='lat' dir='ltr'><strong>Pacii</strong></span> <span class='ocrx_word' id='word_1_176' title='bbox 1086 2769 1102 2815; x_wconf 82' lang='lat'><strong>3</strong></span> <span class='ocrx_word' id='word_1_177' title='bbox 1126 2762 1152 2816; x_wconf 84' lang='grc' dir='ltr'><strong><em>εἰ</em></strong></span> 
     </span>
    </p>

    <p class='ocr_par' dir='ltr' id='par_1_6' title="bbox 127 2831 1152 2975">
     <span class='ocr_line' id='line_1_25' title="bbox 127 2831 1152 2975; baseline 0.001 -18"><span class='ocrx_word' id='word_1_178' title='bbox 127 2831 1152 2988; x_wconf 49' lang='grc' dir='ltr'><strong><em>ιαιικαυιουυηαουκαμακαι</em></strong></span> 
     </span>
    </p>
   </div>
   <div class='ocr_carea' id='block_1_3' title="bbox 128 2975 1151 3120">
    <p class='ocr_par' dir='ltr' id='par_1_7' title="bbox 128 2975 1151 3120">
     <span class='ocr_line' id='line_1_26' title="bbox 128 2975 1151 3047; baseline 0 -17"><span class='ocrx_word' id='word_1_179' title='bbox 128 2976 186 3030; x_wconf 75' lang='lat' dir='ltr'><strong>sint</strong></span> <span class='ocrx_word' id='word_1_180' title='bbox 202 2975 289 3030; x_wconf 77' lang='lat' dir='ltr'><strong>verba</strong></span> <span class='ocrx_word' id='word_1_181' title='bbox 307 2977 433 3031; x_wconf 78' lang='lat' dir='ltr'>Kflhneri</span> <span class='ocrx_word' id='word_1_182' title='bbox 451 2994 492 3046; x_wconf 80' lang='lat' dir='ltr'><strong><em>gr</em></strong></span> <span class='ocrx_word' id='word_1_183' title='bbox 507 2995 549 3047; x_wconf 82' lang='lat' dir='ltr'><strong><em>gr.</em></strong></span> <span class='ocrx_word' id='word_1_184' title='bbox 563 2977 590 3030; x_wconf 89' lang='lat' dir='ltr'><strong>H</strong></span> <span class='ocrx_word' id='word_1_185' title='bbox 608 2983 624 3043; x_wconf 66' lang='grc' dir='ltr'><strong>ξ</strong></span> <span class='ocrx_word' id='word_1_186' title='bbox 639 2981 700 3043; x_wconf 79' lang='grc'>398,</span> <span class='ocrx_word' id='word_1_187' title='bbox 715 2982 787 3031; x_wconf 73' lang='grc' dir='ltr'><strong><em>λοθ</em></strong></span> <span class='ocrx_word' id='word_1_188' title='bbox 811 2975 923 3043; x_wconf 83' lang='lat' dir='ltr'>dubito;</span> <span class='ocrx_word' id='word_1_189' title='bbox 949 2975 983 3030; x_wconf 81' lang='grc' dir='ltr'><strong><em>οί.</em></strong></span> <span class='ocrx_word' id='word_1_190' title='bbox 1002 2976 1151 3030; x_wconf 77' lang='lat' dir='ltr'><strong>Baumann</strong></span> 
     </span>
     <span class='ocr_line' id='line_1_27' title="bbox 129 3044 1151 3120; baseline 0 -18"><span class='ocrx_word' id='word_1_191' title='bbox 129 3047 194 3102; x_wconf 79' lang='lat' dir='ltr'><strong><em>obs</em></strong></span> <span class='ocrx_word' id='word_1_192' title='bbox 213 3063 301 3118; x_wconf 73' lang='lat' dir='ltr'><strong>gram.</strong></span> <span class='ocrx_word' id='word_1_193' title='bbox 321 3047 357 3102; x_wconf 83' lang='lat' dir='ltr'><strong><em>de</em></strong></span> <span class='ocrx_word' id='word_1_194' title='bbox 375 3065 428 3102; x_wconf 73' lang='lat' dir='ltr'><strong><em>usu</em></strong></span> <span class='ocrx_word' id='word_1_195' title='bbox 446 3047 521 3102; x_wconf 90' lang='lat' dir='ltr'><strong><em>mod</em></strong></span> <span class='ocrx_word' id='word_1_196' title='bbox 539 3067 566 3118; x_wconf 89' lang='lat' dir='ltr'><strong><em>p.</em></strong></span> <span class='ocrx_word' id='word_1_197' title='bbox 583 3054 617 3103; x_wconf 80' lang='lat'><strong><em>45</em></strong></span> <span class='ocrx_word' id='word_1_198' title='bbox 678 3045 806 3120; x_wconf 63' lang='lat' dir='ltr'><strong>eamd]</strong></span> <span class='ocrx_word' id='word_1_199' title='bbox 826 3044 950 3110; x_wconf 61' lang='grc' dir='ltr'><strong><em>αύτὸςί</em></strong></span> <span class='ocrx_word' id='word_1_200' title='bbox 1012 3051 1045 3101; x_wconf 80' lang='grc'><strong><em>13</em></strong></span> <span class='ocrx_word' id='word_1_201' title='bbox 1064 3067 1151 3102; x_wconf 83' lang='grc' dir='ltr'><strong><em>κατα-</em></strong></span> 
     </span>
    </p>
   </div>
   <div class='ocr_carea' id='block_1_4' title="bbox 128 3115 1152 3263">
    <p class='ocr_par' dir='ltr' id='par_1_8' title="bbox 128 3115 1152 3263">
     <span class='ocr_line' id='line_1_28' title="bbox 128 3115 1152 3259; baseline 0 -85"><span class='ocrx_word' id='word_1_202' title='bbox 128 3119 284 3259; x_wconf 62' lang='grc' dir='ltr'><strong><em>φφφηφντας</em></strong></span> <span class='ocrx_word' id='word_1_203' title='bbox 303 3118 325 3174; x_wconf 94' lang='grc' dir='ltr'><strong>Ο</strong></span> <span class='ocrx_word' id='word_1_204' title='bbox 346 3137 416 3174; x_wconf 83' lang='lat' dir='ltr'>corr</span> <span class='ocrx_word' id='word_1_205' title='bbox 434 3119 553 3174; x_wconf 77' lang='lat' dir='ltr'>Ursinus</span> <span class='ocrx_word' id='word_1_206' title='bbox 612 3124 644 3174; x_wconf 80' lang='lat'><strong><em>15</em></strong></span> <span class='ocrx_word' id='word_1_207' title='bbox 664 3120 833 3175; x_wconf 80' lang='grc' dir='ltr'><strong><em>διαλύεσθαι</em></strong></span> <span class='ocrx_word' id='word_1_208' title='bbox 850 3119 901 3188; x_wconf 80' lang='grc' dir='ltr'><strong><em>τὴν</em></strong></span> <span class='ocrx_word' id='word_1_209' title='bbox 919 3115 990 3186; x_wconf 85' lang='grc' dir='ltr'><strong><em>πρὸς</em></strong></span> <span class='ocrx_word' id='word_1_210' title='bbox 1009 3117 1152 3182; x_wconf 79' lang='grc' dir='ltr'><strong><em>Σαυνίτας</em></strong></span> 
     </span>
     <span class='ocr_line' id='line_1_29' title="bbox 162 3188 1150 3263; baseline 0 -18"><span class='ocrx_word' id='word_1_211' title='bbox 162 3193 226 3245; x_wconf 87' lang='grc' dir='ltr'><strong><em>λν</em></strong></span> <span class='ocrx_word' id='word_1_212' title='bbox 252 3207 267 3244; x_wconf 84' lang='grc' dir='ltr'><strong><em>ο</em></strong></span> <span class='ocrx_word' id='word_1_213' title='bbox 298 3190 421 3262; x_wconf 79' lang='lat' dir='ltr'>Sylburg</span> <span class='ocrx_word' id='word_1_214' title='bbox 448 3191 514 3262; x_wconf 72' lang='grc' dir='ltr'><strong><em>δβ</em></strong></span> <span class='ocrx_word' id='word_1_215' title='bbox 496 3190 636 3263; x_wconf 79' lang='grc' dir='ltr'><strong><em>βλαβεράν</em></strong></span> <span class='ocrx_word' id='word_1_216' title='bbox 664 3193 715 3244; x_wconf 72' lang='lat' dir='ltr'><strong><em>aut</em></strong></span> <span class='ocrx_word' id='word_1_217' title='bbox 742 3188 925 3246; x_wconf 72' lang='grc' dir='ltr'><strong><em>ἐπικίνδυνον</em></strong></span> <span class='ocrx_word' id='word_1_218' title='bbox 953 3193 1004 3243; x_wconf 75' lang='grc' dir='ltr'><strong><em>μοι</em></strong></span> <span class='ocrx_word' id='word_1_219' title='bbox 1031 3193 1150 3261; x_wconf 72' lang='grc' dir='ltr'><strong><em>δυσχερῆ</em></strong></span> 
     </span>
    </p>
   </div>
   <div class='ocr_carea' id='block_1_5' title="bbox 124 3210 1151 3547">
    <p class='ocr_par' dir='ltr' id='par_1_9' title="bbox 128 3210 1151 3332">
     <span class='ocr_line' id='line_1_30' title="bbox 128 3210 1151 3332; baseline 0 -16"><span class='ocrx_word' id='word_1_220' title='bbox 128 3210 226 3330; x_wconf 85' lang='grc' dir='ltr'><strong><em>φιλίαν</em></strong></span> <span class='ocrx_word' id='word_1_221' title='bbox 249 3279 272 3317; x_wconf 87' lang='grc' dir='ltr'><strong><em>ο.</em></strong></span> <span class='ocrx_word' id='word_1_222' title='bbox 291 3262 396 3317; x_wconf 77' lang='grc' dir='ltr'><strong><em>Βοίελεο</em></strong></span> <span class='ocrx_word' id='word_1_223' title='bbox 418 3262 469 3332; x_wconf 84' lang='grc' dir='ltr'><strong><em>τὴν</em></strong></span> <span class='ocrx_word' id='word_1_224' title='bbox 493 3261 558 3316; x_wconf 78' lang='grc' dir='ltr'><strong><em>αδδ.</em></strong></span> <span class='ocrx_word' id='word_1_225' title='bbox 579 3261 722 3332; x_wconf 75' lang='lat' dir='ltr'>Kiessling</span> <span class='ocrx_word' id='word_1_226' title='bbox 795 3267 829 3317; x_wconf 77' lang='lat'><strong><em>16</em></strong></span> <span class='ocrx_word' id='word_1_227' title='bbox 848 3260 889 3315; x_wconf 82' lang='grc' dir='ltr'><strong><em>ἔτι</em></strong></span> <span class='ocrx_word' id='word_1_228' title='bbox 906 3258 1009 3317; x_wconf 83' lang='grc' dir='ltr'><strong><em>κλείων</em></strong></span> <span class='ocrx_word' id='word_1_229' title='bbox 1029 3261 1067 3330; x_wconf 79' lang='lat' dir='ltr'><strong><em>Sy</em></strong></span> <span class='ocrx_word' id='word_1_230' title='bbox 1067 3261 1151 3330; x_wconf 81' lang='lat' dir='ltr'>lburg</span> 
     </span>
    </p>

    <p class='ocr_par' dir='ltr' id='par_1_10' title="bbox 128 3279 1151 3547">
     <span class='ocr_line' id='line_1_31' title="bbox 128 3279 1151 3424; baseline 0.001 -38"><span class='ocrx_word' id='word_1_231' title='bbox 128 3332 175 3387; x_wconf 72' lang='grc' dir='ltr'><strong><em>ἐπὶ</em></strong></span> <span class='ocrx_word' id='word_1_232' title='bbox 192 3330 277 3387; x_wconf 88' lang='grc' dir='ltr'><strong><em>πλείω</em></strong></span> <span class='ocrx_word' id='word_1_233' title='bbox 295 3333 341 3388; x_wconf 83' lang='lat' dir='ltr'><strong><em>vel</em></strong></span> <span class='ocrx_word' id='word_1_234' title='bbox 359 3333 406 3388; x_wconf 76' lang='grc' dir='ltr'><strong><em>ἐπὶ</em></strong></span> <span class='ocrx_word' id='word_1_235' title='bbox 423 3337 521 3388; x_wconf 79' lang='grc' dir='ltr'><strong><em>πλεῖον</em></strong></span> <span class='ocrx_word' id='word_1_236' title='bbox 539 3333 606 3388; x_wconf 80' lang='lat' dir='ltr'>libri</span> <span class='ocrx_word' id='word_1_237' title='bbox 657 3339 690 3387; x_wconf 76' lang='lat'><strong><em>1⁷</em></strong></span> <span class='ocrx_word' id='word_1_238' title='bbox 709 3333 736 3387; x_wconf 87' lang='grc' dir='ltr'><strong><em>εί</em></strong></span> <span class='ocrx_word' id='word_1_239' title='bbox 754 3333 819 3388; x_wconf 76' lang='lat' dir='ltr'><strong><em>add</em></strong></span> <span class='ocrx_word' id='word_1_240' title='bbox 833 3332 938 3387; x_wconf 77' lang='lat' dir='ltr'><strong>Reiske</strong></span> <span class='ocrx_word' id='word_1_241' title='bbox 989 3338 1022 3387; x_wconf 80' lang='lat'><strong><em>19</em></strong></span> <span class='ocrx_word' id='word_1_242' title='bbox 1040 3353 1070 3388; x_wconf 87' lang='grc' dir='ltr'><strong><em>τε</em></strong></span> <span class='ocrx_word' id='word_1_243' title='bbox 1089 3279 1151 3424; x_wconf 40' lang='lat' dir='ltr'><strong><em>ste?</em></strong></span> 
     </span>
     <span class='ocr_line' id='line_1_32' title="bbox 128 3402 1151 3477; baseline 0 -20"><span class='ocrx_word' id='word_1_244' title='bbox 128 3403 238 3473; x_wconf 78' lang='lat' dir='ltr'><strong>phanus</strong></span> <span class='ocrx_word' id='word_1_245' title='bbox 257 3403 311 3459; x_wconf 80' lang='lat' dir='ltr'>del.</span> <span class='ocrx_word' id='word_1_246' title='bbox 332 3403 423 3474; x_wconf 79' lang='grc' dir='ltr'><strong><em>ἔμελλε</em></strong></span> <span class='ocrx_word' id='word_1_247' title='bbox 441 3404 538 3460; x_wconf 81' lang='grc' dir='ltr'><strong><em>καὶ</em></strong></span> <span class='ocrx_word' id='word_1_248' title='bbox 508 3406 587 3477; x_wconf 80' lang='grc' dir='ltr'><strong><em>ταβ.</em></strong></span> <span class='ocrx_word' id='word_1_249' title='bbox 608 3421 630 3458; x_wconf 88' lang='grc' dir='ltr'><strong><em>ο.</em></strong></span> <span class='ocrx_word' id='word_1_250' title='bbox 647 3403 770 3475; x_wconf 82' lang='lat' dir='ltr'><strong>Sylburg</strong></span> <span class='ocrx_word' id='word_1_251' title='bbox 793 3403 830 3460; x_wconf 84' lang='grc' dir='ltr'><strong><em>τά</em></strong></span> <span class='ocrx_word' id='word_1_252' title='bbox 851 3425 880 3459; x_wconf 86' lang='grc' dir='ltr'><strong><em>τε</em></strong></span> <span class='ocrx_word' id='word_1_253' title='bbox 903 3405 928 3475; x_wconf 81' lang='grc' dir='ltr'><strong><em>β.</em></strong></span> <span class='ocrx_word' id='word_1_254' title='bbox 949 3402 1021 3473; x_wconf 78' lang='grc' dir='ltr'><strong><em>Ιθνη</em></strong></span> <span class='ocrx_word' id='word_1_255' title='bbox 1044 3403 1151 3458; x_wconf 75' lang='grc' dir='ltr'><strong><em>καὶτὰ</em></strong></span> 
     </span>
     <span class='ocr_line' id='line_1_33' title="bbox 124 3474 627 3547; baseline 0.004 -17.036"><span class='ocrx_word' id='word_1_256' title='bbox 124 3474 274 3544; x_wconf 80' lang='grc' dir='ltr'><strong><em>Ἑλληνικά</em></strong></span> <span class='ocrx_word' id='word_1_257' title='bbox 291 3475 327 3530; x_wconf 87' lang='grc' dir='ltr'><strong><em>τά</em></strong></span> <span class='ocrx_word' id='word_1_258' title='bbox 344 3485 466 3547; x_wconf 78' lang='grc' dir='ltr'><strong><em>προοεηη</em></strong></span> <span class='ocrx_word' id='word_1_259' title='bbox 485 3495 508 3532; x_wconf 89' lang='grc' dir='ltr'><strong><em>ο.</em></strong></span> <span class='ocrx_word' id='word_1_260' title='bbox 523 3476 627 3533; x_wconf 79' lang='lat' dir='ltr'>Reiske</span> 
     </span>
    </p>
   </div>
   <div class='ocr_carea' id='block_1_6' title="bbox 0 0 1338 3916">
    <p class='ocr_par' dir='ltr' id='par_1_11' title="bbox 0 0 1338 3916">
     <span class='ocr_line' id='line_1_34' title="bbox 0 0 1338 3916; baseline 0 0"><span class='ocrx_word' id='word_1_261' title='bbox 0 0 1338 3916; x_wconf 95' lang='lat' dir='ltr'><strong><em> </em></strong></span> 
     </span>
    </p>
   </div>
  </div>
 </body>
</html>
