2662 3920
180 175 245 230 VIII
582 172 798 227 PRAEFATIO.

252 307 340 368 Addo
369 309 457 367 haec:
485 307 650 367 Vaticanus
677 307 739 366 133
764 298 821 387 (V)
850 305 887 366 ab
911 305 1015 366 eodem
1038 306 1202 384 Heylbutio

181 407 277 467 denuo
310 424 451 466 excussus
483 424 531 465 me
562 404 595 464 in
627 407 711 465 textu
743 404 952 466 constituendo
982 424 1043 464 non
1072 405 1203 466 multum

181 505 308 565 adiuvit.
365 503 504 565 (lodicem
535 503 747 583 ilibingensem
780 505 844 581 ipse
875 503 993 581 inspexi
1024 505 1056 563 et
1087 522 1203 580 semper

181 604 242 662 fere
265 623 333 662 eum
346 601 550 662 Laurentiano
574 621 736 682 congruere
755 603 896 681 cognovi3
914 603 1020 679 paucis
1038 602 1113 663 loeis
1131 601 1203 662 libri

180 701 331 761 undecimi
354 721 403 777 ea,
426 719 503 779 quae
526 699 559 759 in
581 701 635 760 illc
657 700 774 776 inveni,
796 701 896 761 811811.

250 819 328 878 Tum
351 817 387 878 de
409 817 587 896 fragmentis
608 815 689 876 idem
711 815 910 895 Kiesslingius
932 815 965 876 in
992 817 1096 878 eodem
1118 820 1201 878 tomo

179 916 224 976 IV
242 938 270 994 p.
289 915 388 976 XXIV
412 918 442 976 et
464 915 547 975 XXV
565 913 622 991 sic,
644 913 719 991 quid
742 914 866 991 sentiat,
890 916 1034 976 ostendii:

251 1051 435 1122 ‘Amplissimi
454 1049 681 1106 Constantiniani
706 1051 798 1119 operis
822 1066 894 1120 quae
914 1051 1043 1122 Dionysii
1067 1052 1202 1122 reliquias

181 1133 326 1188 continent
344 1134 440 1202 partes
459 1132 525 1185 sunt
542 1131 642 1185 haece:

306 1249 365 1306 Vol.
384 1274 411 1294 =
428 1247 569 1317 Excerpta
593 1246 657 1316 περὶ
686 1247 785 1318 ἀρετῆς
809 1247 859 1302 uoci
887 1245 989 1311 κακίας
1016 1247 1052 1304 ab
1080 1249 1201 1304 Henrieo

340 1327 456 1384 Valesio
475 1327 554 1383 edite
574 1333 643 1383 1884
662 1345 696 1383 ex
715 1328 812 1383 codice
826 1327 995 1397 Turonensi,
1014 1329 1044 1385 in
1058 1346 1114 1398 quc
1127 1346 1202 1384 nnnc

340 1409 493 1464 multorum
512 1408 643 1464 loliorum
661 1409 779 1464 interitu
797 1409 927 1479 Dionysii
940 1427 1052 1479 quoque
1067 1411 1202 1480 reliquias

340 1490 457 1559 periisse
476 1490 623 1546 certiorem
641 1507 687 1545 me
705 1490 775 1544 fecit
792 1489 821 1544 L.
838 1489 1028 1561 Wollenberg.

306 1599 366 1654 Vre.
380 1625 408 1643 =
421 1597 562 1666 Excerpts
584 1598 648 1666 περὶ
666 1599 820 1669 πρεσβειῶν
839 1597 874 1651 eb
893 1597 991 1652 Fulvio
1005 1597 1107 1653 Ursino
1124 1599 1202 1654 edite

342 1683 424 1746 1582,
444 1696 562 1747 quorum
580 1678 651 1732 mihi
669 1679 782 1747 praesto
798 1679 879 1732 erant
893 1678 1048 1748 scripturae
1062 1678 1201 1733 11111118-

342 1759 471 1813 nacensis
490 1765 541 1814 861
564 1758 651 1813 chart.
668 1775 740 1814 seeo.
755 1757 832 1826 XVI,
852 1775 870 1812 8
888 1758 1007 1813 Nisseno
1026 1759 1117 1814 emico
1136 1776 1201 1814 eno-

340 1841 419 1895 tatae
443 1841 472 1893 et
494 1838 561 1893 libri
575 1838 709 1894 Vaticani
734 1844 802 1893 1418
826 1838 915 1893 chart.
931 1855 1003 1894 saec.
1018 1838 1095 1908 XVI,
1115 1856 1149 1894 ex
1167 1839 1201 1894 li-

341 1920 399 1974 bris
417 1918 510 1974 Fulvii
528 1918 636 1987 Ursini,
656 1937 739 1988 quem
757 1919 819 1989 ipse
837 1919 955 1989 inspexi.

303 2030 369 2084 Eoo.
383 2054 411 2073 =
424 2027 563 2096 Excerpte
586 2026 650 2096 ascl
673 2026 828 2098 ἐπιβουλῶν
851 2043 885 2082 ex
910 2027 1007 2083 codice
1034 2027 1201 2083 Scorielensi

341 2109 364 2177 (I
384 2112 410 2162 a
429 2114 461 2162 11
482 2108 563 2162 chart
585 2124 657 2162 eaeo.
672 2106 746 2176 XVI)
766 2124 784 2161 8
802 2107 908 2163 Pedere
928 2109 1018 2179 (1858)
1038 2107 1201 2164 81011111-

340 2187 399 2243 lero
418 2188 448 2242 in
473 2187 695 2259 fragmentorum
713 2188 917 2242 Historicorum
936 2188 1106 2244 Graecorum
1124 2188 1201 2244 volu-

341 2269 417 2324 mine
436 2269 525 2324 altero
544 2269 616 2340 (Par.
633 2271 712 2338 1848)
732 2269 818 2324 edita.

305 2378 370 2433 Asu.
388 2404 416 2423 =
434 2376 574 2446 Excerpta
603 2377 668 2444 περὶ
695 2379 864 2445 πολιορκῶν
893 2393 927 2432 ex
953 2377 1201 2432 Poliorcetieorum

341 2457 437 2512 codice
452 2456 642 2512 vetustissimo
657 2456 693 2510 ab
707 2456 782 2512 Atho
793 2460 888 2513 monte
901 2458 1023 2513 Parisios
1041 2460 1200 2514 manasseto

306 2545 307 2550 ’
341 2537 463 2606 primum
482 2553 500 2590 e
519 2535 547 2592 Ο.
562 2536 680 2591 Μ811818
699 2554 733 2592 ex
749 2537 843 2593 Minae
863 2539 1027 2609 apographo
1042 2539 1079 2593 ed
1095 2539 1200 2596 calcem

341 2617 458 2672 alterius
480 2616 629 2671 voluminis
650 2617 763 2686 Iosephi
781 2635 895 2687 operum
915 2619 1031 2673 Parisiis
1050 2619 1126 2689 apud
1144 2619 1200 2674 ira-

341 2700 398 2752 tres
412 2697 501 2752 Didot
515 2701 597 2764 1841,
617 2697 719 2752 deinde
734 2714 751 2752 8
765 2698 916 2754 Weschero
930 2699 1136 2769 Poliorcetique
1151 2699 1200 2754 des

341 2778 481 2847 Greeques
499 2777 615 2832 Parisiis
635 2783 704 2832 1888
726 2779 937 2834 accuratissime
956 2779 1042 2835 edita.

251 2885 313 2939 Huc
332 2885 483 2940 accedunt:

305 2985 401 3039 Ambr.
420 3009 447 3030 =
464 2983 588 3054 Eologae
611 2983 814 3038 Ambrosienee
837 3000 872 3038 ex
895 2983 991 3038 codice
1014 2984 1200 3042 Ambrosieno

343 3064 376 3134 (Q
396 3069 429 3118 18
453 3081 513 3134 sup.
534 3065 623 3119 chart.
643 3080 715 3119 seeo.
734 3063 795 3133 XV)
815 3064 852 3118 ab
875 3063 984 3134 Angelo
1007 3065 1083 3120 Maio
1106 3066 1200 3136 negle·
1305 3085 1306 3088 ¹

341 3144 505 3216 gentissime
529 3144 631 3200 editae.
672 3144 735 3214 Ipse
758 3144 863 3200 librum
882 3145 974 3200 denno
994 3145 1108 3200 contuli.
1146 3147 1201 3212 Qui

341 3226 489 3295 praeterea
507 3224 662 3280 Mediolani
680 3227 807 3279 servetur
826 3226 925 3281 herum
949 3225 1110 3297 eclogarum
1128 3226 1201 3281 liber

340 3305 376 3374 (A
390 3309 426 3359 80
438 3307 510 3375 sup.)
530 3305 646 3360 alterins
665 3306 860 3374 apographum
884 3307 944 3361 sine
961 3306 1020 3362 ullo
1038 3307 1130 3376 pretio
1149 3309 1200 3375 est,

341 3386 439 3454 itaque
459 3401 522 3440 eum
540 3400 655 3453 prorsus
672 3385 791 3454 neglexi.
820 3385 852 3439 ln
870 3385 914 3440 his
931 3386 1036 3457 eclogia
1051 3387 1199 3443 emenden-

343 3467 387 3520 dis
406 3465 477 3519 mihi
495 3465 608 3534 praesto
632 3466 713 3519 erant
731 3464 823 3521 Caroli
842 3466 976 3522 [ruderici
994 3469 1098 3528 Struvii
1116 3471 1199 3528 notes
