2654 3916
142 196 210 261 300
558 197 748 249 -10-

102 322 124 386 4
142 331 214 399 ταῖς
235 321 330 408 χερσὶ
352 322 391 386 τὸ
414 322 512 406 δόρυ·
539 321 622 387 ιιατδ
643 323 705 386 τὸν
727 321 832 386 αὐτὸν
854 319 892 386 δέ
913 323 1039 406 χρόνον
1061 320 1080 386 ό
1103 321 1166 404 μέν
1301 307 1303 390 ι

142 433 346 512 Αεοννᾶτος,
375 427 395 492 ό
424 429 595 512 προειπὼν
620 439 667 514 ιφ
690 427 818 516 Πύρρῳ
846 428 1077 513 φυλάττεσθαι
1104 428 1166 493 τὸν

142 535 266 622 ἄνδρα,
300 536 421 620 μικρὸν
455 533 614 612 ἐκνεύσας
649 535 698 612 είς
732 535 774 600 τὰ
809 534 934 619 πλάγια
969 535 1029 600 τὸν
1061 535 1166 600 ἵππον

143 641 247 708 αὐτοῦ
270 644 360 708 παίει
381 653 428 728 τῷ
452 639 559 728 ξυστῷ
583 642 639 706 διὰ
663 652 722 726 τῆς
749 643 905 726 λαγόνος,
932 641 951 707 ό
979 641 1018 707 δὲ
1043 644 1166 726 Φερεν-

112 749 242 826 ιτανὸς
267 750 332 832 ἤδη
359 750 627 834 καταφερόμενος
653 749 714 814 τὸν
740 756 802 814 τοῦ
829 747 990 831 βασιλέως
1019 748 1076 813 διδ
1103 757 1165 814 τοῦ

142 859 291 941 στήθους
322 854 473 939 ἐλαύνει,
517 856 573 920 καί
605 857 913 939 συγκαταπίπτουσι
947 865 1018 933 τοῖς
1052 856 1167 933 ἰ’πποις

103 959 335 1047 δύμφότεροι.
386 958 439 1048 (4)
473 962 541 1026 Τον
569 962 631 1044 μὲν
661 955 725 1027 ούν
753 961 892 1044 βασιλέα
920 973 989 1027 τῶν
1018 978 1167 1044 σωματο-

143 1068 304 1152 φυλάκων
326 1067 345 1133 ὁ
371 1069 567 1146 πιστότατος
593 1067 649 1134 ἐπὶ
674 1069 735 1134 τὸν
762 1068 851 1134 ἴδιον
879 1069 984 1134 ἵππον
1007 1067 1167 1150 ἀναβιβά-

143 1191 204 1253 σας
226 1173 404 1259 ἐξελαύνει,
426 1176 488 1241 τὸν
510 1175 549 1241 δὲ
567 1171 728 1258 Ὀβλύιιον
746 1174 842 1261 μέχρι
859 1180 987 1240 πολλοῦ
1010 1175 1167 1259 διαγωνι-

98 1304 125 1344 ιο
143 1280 299 1365 σύμενον,
330 1278 443 1347 ἔπειτα
473 1280 540 1348 ὑπὸ
568 1285 723 1367 πλήθους
749 1292 817 1348 τῶν
844 1281 1042 1368 τραυμάτων
1068 1303 1167 1346 τανα-

142 1387 351 1472 πονηθέντα,
373 1399 441 1454 τῶν
464 1387 605 1474 ἑταίρων
626 1389 716 1466 τινὲς
738 1385 899 1475 ἀρώμενοι
920 1389 1067 1473 μεγάλου
1089 1388 1167 1474 περὶ

102 1495 123 1560 6
142 1497 203 1561 τὸν
225 1497 347 1581 νεαρὸν
370 1497 501 1580 ἀγῶνος
522 1495 706 1580 γενομένου
729 1497 987 1579 διακομίζουσιν.
1033 1493 1070 1561 ἐτι
1091 1497 1167 1560 τότε

143 1602 181 1667 δὲ
210 1601 228 1667 δ
258 1603 430 1686 βασιλεύς,
461 1603 517 1668 ἵνα
545 1605 589 1688 μη
619 1603 780 1687 διάσημος
809 1603 860 1688 εἴη
889 1613 960 1680 τοῖς
986 1604 1166 1685 πολεμίοις,

142 1710 205 1792 τὴν
236 1709 298 1790 μέν
332 1709 422 1775 ίδίαν
453 1709 620 1794 χλαμύδα,
654 1710 699 1793 ἣν
730 1708 768 1775 ἐν
798 1720 871 1788 ταῖς
902 1710 1021 1794 μάχαις
1052 1709 1167 1775 είώθει

98 1836 124 1877 ιι
144 1824 275 1901 φορεῖν,
303 1814 451 1902 ἁλουργῆ
478 1839 514 1881 τε
541 1810 648 1881 οὖσαν
670 1816 726 1881 καί
752 1819 997 1902 χρυσόπαστον,
1024 1816 1080 1882 ιιαλ
1106 1816 1167 1882 τὸν

143 1921 308 2005 ὁπλισμόν
325 1923 607 2010 πολυτελέστερον
624 1923 707 1988 όντα
728 1934 797 1989 τῶν
815 1925 926 1989 ἄλλων
945 1934 1004 2008 τῆς
1026 1947 1062 1990 τε
1083 1922 1167 2008 ύλης

144 2028 241 2094 ἕνεκα
263 2030 319 2095 ναί
341 2041 399 2115 τῆς
421 2030 548 2116 τέχνης,
570 2032 631 2097 τὸν
648 2032 848 2096 πιστότατον
865 2041 934 2096 τῶν
952 2029 1094 2115 ἑταίρων
1110 2030 1167 2096 ιιαί

142 2137 226 2202 κατὰ
252 2139 332 2214 τοὺς
359 2133 491 2221 ἀγῶνας
517 2133 756 2223 ἀνδρειότατον
782 2143 966 2222 Μεγακλῆν
993 2136 1168 2203 ἐκέλευσεν

144 2241 297 2328 ἐνδῦναι,
324 2245 387 2329 τὴν
410 2244 448 2310 δὲ
476 2246 582 2329 φαιδιν
604 2243 735 2311 ἐπείνων
762 2245 916 2330 χλαμύδα
936 2244 993 2310 ιιαλ
1014 2245 1076 2310 τόν
1097 2244 1167 2310 θώ-

99 2371 126 2410 ιο
145 2373 229 2434 ροιια
256 2351 311 2416 καί
338 2352 400 2436 τὴν
427 2349 482 2418 ἐπί
508 2360 549 2437 τῇ
576 2356 705 2437 κεφαλῇ
734 2353 878 2417 καυσίαν
905 2351 1006 2428 αὐτὸς
1034 2347 1167 2434 ἔλαβεν·

144 2456 226 2541 όπερ
246 2457 354 2522 αίτιον
373 2458 462 2544 αύτῷ
480 2467 538 2542 τῆς
557 2460 720 2543 σωτηρίας
743 2455 835 2536 ἔδοξε
857 2457 1026 2543 γενέσθαι.
1057 2458 1167 2523 Ambr.

215 2561 303 2628 XHJ.
331 2562 400 2650 (18,
418 2564 455 2650 ὃ)
475 2560 545 2629 Ὅτι
573 2565 716 2651 Πύρρου
745 2573 805 2630 τού
831 2566 1045 2650 Ἠπειρωτῶν
1073 2567 1168 2647 βασι-

144 2669 226 2746 λέως
253 2667 308 2736 ἐπὶ
336 2672 398 2754 τὴν
421 2668 547 2756 Ῥώμην
574 2673 734 2757 στρατιὰν
763 2669 981 2756 ἐξαγαγόντος
1010 2669 1197 2754 ἐβουλεύ-“

145 2793 247 2842 σανιο
265 2778 471 2864 πρεσβευτὰς
488 2774 681 2844 ιἰιιοστείλαι
703 2780 783 2856 τοὺς
806 2775 1007 2856 ἀξιώσοντας
1025 2778 1168 2863 Πύρρον

100 2904 126 2945 ιι
145 2880 380 2970 ιἰιτολυτρῶσαι
407 2886 504 2969 σφίσι
528 2889 608 2962 τοὺς
631 2885 857 2970 αἰχμαλώτους
880 2880 939 2950 εἶτ’
957 2885 1167 2950 ἀντιδιαλλα-

218 3099 250 3148 12
277 3091 309 3150 τδ
337 3091 439 3163 νειιρδν
465 3094 560 3149 Ambr.
588 3097 661 3150 teste
688 3095 859 3166 Kiesflh'ngio
940 3100 974 3149 18
1001 3095 1168 3164 διασήμενος

144 3165 240 3220 Ambr.
260 3182 329 3220 corr.
348 3166 441 3219 Maius
514 3172 548 3221 16
573 3163 791 3236 λυσιτελέστερον
816 3166 912 3221 Ambr.
938 3165 1167 3234 πολυτελέστερον

145 3237 244 3291 struve
324 3243 357 3290 17
383 3234 484 3305 ἑτέρων
509 3236 606 3292 Ambr.
630 3255 699 3293 corr.
724 3238 823 3293 Βίτωνι
904 3243 939 3292 20
964 3239 1015 3307 τὴν
1040 3237 1167 3308 κεφαλὴν

144 3307 241 3363 Ambr.
256 3324 325 3362 oorr.
341 3307 440 3362 δύνατο
492 3315 526 3363 22
543 3317 594 3364 τοῦ
608 3307 782 3377 Ἠπειρώτου
801 3306 934 3381 βασιλέως
951 3309 1019 3364 libri
1035 3329 1059 3364 τ.
1070 3308 1167 3363 Ἠπει-

145 3387 240 3448 ρωτῶν
255 3380 280 3450 β.
295 3378 418 3450 Sylburg
434 3388 491 3434 τῶν
505 3378 684 3449 Ἠπειρωτῶν
698 3378 832 3452 βασιλέως
845 3397 869 3435 ο.
880 3379 1052 3452 Grasberger
1064 3379 1165 3435 Philol.

146 3456 179 3504 28
199 3452 290 3521 (1869)
310 3455 362 3504 849
382 3451 417 3506 cf.
437 3451 519 3506 Dion.
537 3451 601 3506 Hal.
620 3450 685 3505 XIX
704 3457 758 3519 9,1
779 3455 833 3522 (17,
850 3454 894 3522 15)
