2668 3922
153 212 218 277 248
569 243 603 251 -
640 215 685 266 ΙΛ
721 243 754 252 -

112 337 299 403 3καλείται
328 338 361 402 δ’
386 339 406 422 ή
436 338 498 421 μὲν
529 336 584 404 ἐπί
612 338 691 403 τάδε
717 347 777 405 τοῦ
801 336 918 424 Ῥήνου
939 339 1097 417 ’ὣιάθαις
1118 341 1173 406 καί

156 442 282 532 Θρᾳξίν
309 444 479 530 δμοροῦσα
507 447 690 530 Γερμανία,
716 445 812 532 μέχρι
839 447 970 530 δρυμοῦ
994 443 1173 531 Ἑρκυνίου

152 551 208 615 καί
234 562 303 616 τῶν
326 548 480 618 Ῥιπαίοιν
508 552 597 639 ὀρῶν
624 555 835 637 καθήκουσα,
863 554 884 637 ἡ
913 551 944 618 δ’
965 551 1021 619 ἐπὶ
1047 552 1175 639 θάτερα

152 659 193 722 τά
215 659 300 742 πρὸς
321 660 530 743 μεσημβρίαν
540 658 719 741 βλέποντα
740 659 836 744 μέχρι
856 663 1040 746 Πυρρήνης
1063 661 1174 746 ὅρους,

121 765 172 847 ιή
195 765 256 830 τὸν
275 766 461 831 Γαλατικὸν
481 767 608 831 κόλπον
626 768 929 852 περιλαμβάνουσα,
954 769 1099 833 Γαλατία
1117 778 1175 853 τῆς

111 871 134 935 4
152 871 320 956 θαλάττης
338 871 519 955 ἐπώνυμος.
558 871 741 968 (3)1(ow‹52¹
765 872 796 938 δ’
814 873 952 956 ὀνόματι
973 875 993 958 ή
1018 875 1174 956 σύμπασα

152 979 235 1063 πρὸς
254 977 424 1064 Ἑλλήνων
446 985 594 1045 καλεῖται
616 983 774 1064 Κελτική,
797 981 842 1057 ὡς
864 979 926 1063 μέν
948 979 1036 1058 τινές
1059 997 1174 1066 φασιν,

153 1084 218 1150 άπό
250 1108 342 1164 τινος
372 1090 530 1171 γίγαντος
559 1091 689 1152 Κελτοῦ
722 1086 845 1152 αὐτόθι
877 1087 1175 1171 δυναστεύσαντος,

153 1193 248 1257 άλλοι
271 1193 309 1258 δὲ
331 1192 364 1272 ἐξ
380 1192 584 1281 Ἡρακλέους
605 1192 661 1257 καί
675 1191 872 1278 Ἀστερόπης
892 1205 950 1279 τῆς
966 1195 1175 1278 Ἀτλαντίδος

107 1320 134 1360 ιο
152 1299 215 1364 δύο
233 1299 394 1383 γενέσθαι
411 1305 644 1384 μυθολογοῦσι
661 1301 792 1384 παῖδας,
804 1297 942 1384 Ἴβηρον
959 1301 1015 1366 καί
1034 1303 1174 1386 Κελτόν,

152 1405 212 1483 οὓς
243 1406 371 1473 θέσθαι
401 1417 473 1484 ταῖς
505 1408 642 1492 χώραις,
674 1401 723 1472 ὧν
754 1403 859 1493 ήρξαν
888 1407 1085 1494 ἀμφότεροι,
1117 1409 1175 1485 τάς

111 1512 333 1596 ὅόνομασίας
359 1512 420 1599 ἀφ’
442 1514 561 1580 αὐτῶν.
608 1515 641 1579 οἱ
669 1514 707 1579 δὲ
734 1515 883 1596 ποταμὸν
906 1507 996 1579 εἷναί
1019 1537 1096 1579 τινα
1123 1514 1175 1580 λέ-

152 1637 252 1702 γουσι
274 1622 405 1686 Κελτὸν
428 1619 464 1686 ἐκ
486 1630 545 1704 τῆς
567 1623 751 1706 Πυρρήνης
774 1620 1028 1706 ἀναδιδόμενον,
1056 1621 1116 1706 ἀφ’
1133 1616 1174 1687 οὗ

152 1738 286 1809 πρῶτον
308 1727 371 1810 μὲν
393 1729 455 1812 τήν
478 1728 658 1812 συνεγγῦς,
688 1725 800 1792 ἔπειτα
829 1727 867 1792 δὲ
896 1728 952 1792 καί
981 1729 1043 1812 τήν
1070 1729 1175 1814 άλλην

108 1853 133 1894 ιι
152 1834 264 1918 χώραν
294 1835 359 1899 σῦν
388 1834 498 1922 χρόνῳ
525 1840 693 1918 κληθῆναι
719 1837 894 1918 Κελτικήν.
944 1835 1028 1919 φασί
1055 1835 1093 1900 δὲ
1119 1837 1178 1900 καί

152 1961 255 2024 τινες,
285 1941 336 2006 ὅτι
366 1950 436 2019 τοίς
465 1942 609 2026 πρώτοις
624 1938 784 2025 Ἕλλησιν
814 1943 861 2018 είς
889 1942 990 2026 τήνδε
1019 1943 1081 2026 τήν
1099 1952 1176 2030 γήν

152 2047 405 2132 περαιουμένοις
438 2049 472 2114 αἱ
503 2060 581 2134 νήες
612 2045 722 2135 άνέμῷ
754 2050 852 2135 βιαίῳ
884 2045 1067 2133 φερόμεναι
1093 2050 1176 2114 κατά

152 2156 211 2220 τὸν
246 2156 373 2222 κόλπον
409 2153 548 2222 έκελσαν
583 2157 644 2220 τὸν
681 2153 876 2238 Γαλατικόν,
912 2157 945 2220 οί
981 2156 1014 2220 δ’
1044 2156 1176 2240 ἄνδρες,

152 2260 265 2346 ἐπειδή
288 2271 349 2328 τοῦ
373 2264 526 2347 αἰγιαλοῦ
550 2262 721 2347 ἐλάβοντο,
744 2263 912 2346 Κελσικήν
931 2261 995 2328 άπὸ
1014 2271 1074 2327 τοῦ
1093 2278 1176 2344 συμ-

108 2389 134 2428 ιο
153 2369 275 2451 βάντος
305 2370 419 2446 αὐτοῖς
448 2369 581 2446 πάθους
610 2371 673 2454 τήν
695 2370 807 2454 χώραν
830 2367 1000 2453 ἐκάλεσαν,
1028 2369 1072 2453 ἣν
1100 2367 1176 2446 ἑνὸς

154 2473 280 2560 ἀλλαγῇ
304 2476 494 2559 γράμματος
517 2477 550 2541 οἱ
572 2475 842 2560 μεταγενέστεροι
859 2477 1026 2560 Κελτικήν
1046 2472 1176 2558 ὠνόμα-

154 2596 225 2644 σαν.
271 2582 380 2647 Λαιόν.

223 2686 264 2754 Π.
288 2685 340 2776 (4)
362 2689 522 2778 Ἀθήνησι
554 2688 616 2770 μὲν
645 2686 683 2754 ἐν
713 2697 773 2754 τοῦ
803 2698 966 2773 γηγενοῦς
992 2687 1177 2775 Ἐρεχθέος

153 2805 199 2880 τῷ
223 2806 312 2881 σηκῷ
338 2795 409 2881 ἱερά
431 2817 480 2872 τις
503 2794 560 2860 ὑπ’
575 2791 718 2879 Ἀθηνᾶς
741 2802 950 2880 φυτευθεῖσα
977 2795 1070 2862 ἐλαία
1093 2798 1177 2861 κατά

225 2977 241 3024 2
260 2967 341 3041 μέχρι
360 2972 466 3038 δρυμοῦ
488 2967 649 3038 Ταρκηνίου
667 2970 712 3024 vel
732 2968 893 3038 Ταρκυνίου
911 2971 1007 3026 Ambr.
1079 2977 1096 3024 4
1115 2967 1176 3042 βλέ-

153 3059 244 3095 ποντα
266 3041 362 3097 Ambr‚
389 3058 458 3096 corr.
483 3041 582 3095 Struve
659 3049 675 3096 5
701 3041 961 3114 παραλαμβάνουσα
987 3059 1056 3096 corr.
1076 3041 1177 3096 Stmve

154 3170 170 3218 ι
189 3165 354 3229 amoma&
371 3165 468 3220 Ambr.
482 3167 508 3219 A
526 3127 673 3229 όιιιιιοις
690 3165 786 3220 Ambr.
802 3165 825 3231 ο
899 3172 933 3220 ιι
956 3165 1052 3220 zama
1071 3165 1114 3237 ει]
1139 3166 1175 3220 cf.

153 3236 302 3290 Baumann
330 3237 395 3293 Obs.
419 3254 508 3307 gram.
533 3255 561 3306 p.
582 3243 678 3306 32seq.
757 3242 791 3291 23
817 3236 848 3291 ἐν
870 3241 904 3308 τῷ
927 3247 1062 3307 γηγενοῦς
1080 3235 1121 3292 Ἐ.
1140 3241 1174 3310 τῷ

154 3312 229 3381 σηκῷ
243 3307 340 3362 Ambr.
356 3309 386 3363 έν
399 3314 438 3382 τῷ
448 3330 473 3378 γ.
484 3308 526 3364 Έ.
542 3314 616 3377 σηκῷ
631 3309 724 3363 Maius
741 3308 771 3363 ἐν
784 3313 823 3381 τῷ
833 3316 883 3362 τοῦ
897 3329 921 3378 γ.
933 3307 974 3364 ’R
990 3314 1066 3382 σηκῷ
1077 3308 1177 3362 Struve

154 3379 190 3519 ἓν,
202 3388 252 3434 τοῦ
267 3378 349 3505 Kn’lEb.
367 3384 406 3453 τῷ
426 3385 501 3454 σηκῷ
520 3365 664 3450 Kiesfflng
741 3385 775 3433 24
801 3383 928 3448 φνθελσα
950 3377 1005 3465 ῦπδ
1028 3389 1084 3469 τῷν
1107 3381 1177 3466 βαρ-

172 3470 249 3518 αρυν
342 3469 363 3504 r.
