2662 3920
594 221 752 272 -1—
1137 217 1181 284 σε

162 347 309 426 αὔξουσα
335 345 378 413 ’ἐκ
408 351 535 412 πολλοῦ
567 345 650 430 τύχη
682 347 782 429 μήπω,
815 342 1182 429 προλέλοιπενραὺτήν,

160 457 331 543 κρείττους
353 464 420 520 τῶν
439 452 578 540 ἐχθρῶν,
592 451 751 535 ἐσόμεθα·
769 452 805 518 ,ελ
823 449 863 520 δέ
878 474 929 528 τις
946 448 1182 536 άρα“ἐνέστηκε

160 564 289 646 δαίμων
306 562 361 630 καλ
380 560 590 628 ἐναντιοῦται
612 568 663 646 τῇ,
676 560 823 646 σωτηρίη
845 569 903 644 τῆς
925 559 1066 642 πόλεως,
1089 559 1182 623 οὑτοι

159 673 197 736 τό
225 669 256 754 γ’
276 668 316 735 ἐν
342 670 423 754 ἡμῖν
451 669 575 734 εὑνονν
602 667 658 736 καλ
682 667 871 753 πρόθυμον·
885 665 1071 750 ἀπολεῖται,
1099 665 1182 735 ἀλλά

160 779 220 842 τὸν
243 776 400 844 ἁπάντων
421 774 599 862 κράτιστον
621 773 774 842 θάνατον,
796 775 1004 859 αἱρησόμεθα
1026 774 1102 859 περὶ
1124 783 1182 858 τῆς
1213 791 1226 831 ⁵

159 884 327 970 πατρίδος.
381 883 477 968 ὑμεῖς
508 882 546 948 δὲ
577 883 681 948 αὐτοῦ
713 881 871 966 μένοντες
897 881 1096 966 ὀίκουρεῖτε,
1113 868 1221 962 ,άμα4

159 1001 233 1068 ταῖς
262 989 427 1076 γυναιξίν,
459 987 485 1056 δι
517 989 615 1056 καλοί
644 990 700 1055 καλ
731 993 881 1072 γενναῖοι
912 987 1094 1074 προστάται
1124 997 1183 1072 τῆς

160 1100 301 1182 πόλεως,
333 1096 622 1182 ἐγκαταλιπόντες,
651 1102 781 1182 μᾶλλον
812 1095 851 1180 δὲ
877 1095 1068 1183 προδόντες,
1087 1096 1182 1180 ἡμᾶς,

160 1198 212 1283 οἷς
234 1203 366 1272 οὔτ’,δν
389 1209 576 1290 νικήσωμεν
598 1205 692 1288 ἡμεῖς
707 1203 733 1270 ’δ
756 1199 944 1287 βίοςέσται
966 1205 1080 1290 καλός,
1109 1203 1182 1272 οὔτ’,

160 1312 333 1391 δνχάλλως
357 1317 491 1403 χωρήση
519 1314 559 1378 τά
586 1311 664 1378 καθ’
685 1313 770 1396 ὑμᾶς
797 1309 961 1395 ἀσφαλής·
985 1311 1020 1376 εί
1046 1312 1090 1396 μή
1118 1287 1226 1417 ὑίρα15ο

78 1418 331 1510 κοειέκείνητή
355 1427 468 1508 ψυχρᾷ
493 1418 603 1486 ἐλπίδι
630 1417 824 1505 ἐπαίρεσθε,
852 1418 896 1495 ὡς
916 1417 1182 1504 ,διαφθαρέντων

159 1537 228 1592 των
263 1529 446 1610 πατρικίων
467 1526 567 1610 ὑμᾶς
603 1524 762 1592 ἐάσουσιν
798 1526 831 1590 ολ
866 1524 1035 1610 ,πολέμιοι1
1057 1525 1182 1609 ταύτην

159 1633 434 1719 ὑπολογιζόμενοι
464 1635 531 1718 Ἰτήν
567 1633 771 1720 εὐεργεσίαν,
812 1633 876 1698 καλ,
907 1635 1182 1718 συγχωρήσουσιν

160 1740 241 1822 ὑμῖν
272 1741 335 1825 τήν
365 1741 509 1826 πατρίδα
527 1742 596 1822 ,καλ
623 1743 693 1826 τήν,
712 1739 915 1825 ἐλευθερίαν,
937 1740 1091 1825 καλτήν
1107 1740 1183 1824 ήγετ

159 1849 281 1930 μονίαν
304 1848 359 1914 καλ
382 1847 490 1914 πάντα
513 1844 615 1914 τᾶλλα
640 1847 768 1933 ἀγαθά,
796 1847 859 1913 ὅσα
875 1853 953 1912 νῦν
974 1845 1077 1933 ἐχετε,
1098 1855 1183 1933 παρ·
1201 1869 1226 1909 ιε

159 1961 324 2039 σοῦσθαι,
354 1949 403 2022 ὧν
424 1955 526 2038 ὑμεῖς
555 1955 612 2022 ὅτε
637 1957 680 2020 ’τὰ
709 1956 831 2040 ἄριστα·
855 1953 1028 2041 ἐφρονεῖτε
1054 1957 1182 2040 πολλήν

159 2061 221 2144 μὲν
238 2071 303 2146 γῆν
321 2061 540 2147 ἀπετέμεσθε,
563 2064 687 2139 πολλάς
710 2062 749 2127 δὲ
770 2063 883 2139 πόλεις
903 2060 1182 2148 ἐξανδραποδισά,

159 2173 254 2250 μενοι
285 2169 524 2254 κατεσκάψατε,
561 2171 668 2235 πολλὰ
705 2169 743 2234 δὲ
773 2169 830 2234 καί
852 2168 987 2252 μεγάλα
1016 2169 1079 2234 καὶ,
1105 2166 1178 2234 οὐδ’

159 2275 228 2340 ὑπὸ.Ι
253 2285 313 2341 τοῦ
342 2277 466 2353 παντὸς
493 2277 614 2358 αἰῶνος
641 2275 941 2360 ἀφανισθησόμενα
963 2277 1105 2360 τρόπαια
1118 2277 1182 2342 ,καὺ

94 2419 95 2422 ¹
138 2391 301 2467 ,μνημεῖα
332 2393 390 2468 της
418 2379 547 2468 Ιἔχθρας
574 2382 782 2466 ἀνεστήσατε
832 2381 916 2448 ἀλλὰ
945 2384 982 2448 τί
1011 2389 1065 2468 τήν,
1090 2359 1226 2490 δήμφξδο

159 2485 251 2554 ταῦτ’
283 2487 436 2572 ἐπιτιμῶ,
466 2488 507 2565 ’ὃς
544 2487 717 2554 οὐδέποτε
741 2490 887 2575 πονηρὸς
923 2487 1008 2573 ἑκὼν
1029 2489 1182 2577 ἐγένετο,

159 2601 286 2678 μᾶλλον
308 2595 329 2680 ή
353 2596 414 2682 οὑχ
438 2595 529 2680 ὑμῖν,
553 2592 579 2662 ὦ
605 2585 797 2682 Οὑεργίνιε,
818 2606 891 2674 τοῖς
910 2599 950 2662 τὰ
972 2599 1057 2663 καλά
1080 2607 1182 2664 ταῦτα

160 2703 441 2787 πολιτευομένοιςς
468 2704 549 2788 ἡμῖν
576 2703 638 2786 μὲν
666 2699 740 2788 οὑν,
767 2696 818 2782 οἷς
844 2703 971 2791 ἀνάγκη
999 2706 1104 2790 μηδὲν
1127 2729 1182 2772 τα-

160 2812 277 2878 πεινὸν
296 2821 449 2898 φρονεῖν,
473 2810 629 2877 δέδοκταί
648 2835 684 2876 τε
706 2811 762 2877 καί
778 2812 892 2878 οὑθέν
911 2809 1002 2878 ἐσται
1020 2814 1060 2879 τὸ
1076 2813 1182 2878 κωλῦ-

160 2935 223 2984 σον
245 2920 392 3006 άρασθαι
414 2919 475 2984 τὸν
497 2919 582 3004 ὑπὲρ
610 2929 668 3004 τῆς
695 2920 854 3006 πατρίδος
881 2920 1008 3014 ἀγῶνα,
1022 2921 1027 2991 J
1035 2920 1117 3003 ὑμῖν
1144 2921 1182 2986 δὲ
1200 2943 1225 2982 ιε

159 3036 229 3104 τοῖς
256 3025 511 3121 ἐγκαταλιποῦσι
533 3027 590 3102 καί
612 3027 776 3124 προδοῦσι
802 3028 840 3103 τὸ
868 3028 984 3124 κοινὸν
1008 3025 1078 3112 ήξει
1106 3029 1180 3114 δίκη

232 3157 246 3203 1
276 3149 307 3204 ἐκ
334 3152 437 3218 πολλοῦ
458 3147 568 3220 χρόνον
594 3149 616 3204 Ο
645 3153 759 3218 praeter
783 3149 806 3203 B
841 3149 844 3224 Ι
878 3149 950 3222 τὺχή
975 3151 1012 3204 τί
1027 3149 1108 3220 μήπω
1133 3150 1181 3205 Bb

160 3227 176 3276 5
199 3217 249 3276 τὸν
267 3221 331 3288 περλ
354 3218 490 3290 πατρίδος
514 3237 536 3276 ο.
555 3219 699 3292 Kiesuling
721 3221 797 3294 περὶ]
821 3221 891 3290 ὑπὲρ
916 3219 1100 3291 ῖοΙεοΟοὺοῖ
1115 3222 1180 3278 obs.

159 3297 254 3361 p.193
309 3290 630 3366 8ἐγκαταλ<ι>πόντες
648 3291 695 3346 Bb
751 3293 864 3364 θήμεῖς
883 3293 986 3362 εδδΒ
1012 3294 1015 3364 Ι
1042 3291 1138 3365 δβίος
1155 3296 1181 3348 A

160 3360 221 3488 ήίος
243 3361 266 3416 Β
292 3362 307 3418 δ
332 3361 393 3435 βίος
419 3365 497 3434 ήμῶν
525 3363 602 3419 ἔσται
624 3365 650 3418 A
678 3361 739 3436 βίος
766 3363 844 3419 ἔσται
867 3365 905 3431 Β
988 3370 1021 3419 10
1047 3363 1115 3438 ἄρα]
1145 3367 1180 3420 cf.

178 3434 356 3504 νοοῦμεν.
371 3435 467 3506 Progr.
484 3441 593 3506 1874‚9
647 3441 681 3490 23
699 3455 799 3491 ταπειν
827 3433 882 3509 δν)
896 3435 944 3490 Bb
999 3441 1034 3491 25
1053 3435 1181 3504 ἄρασθαι

161 3522 229 3561 corr.
245 3521 279 3560 ex
292 3503 493 3574 αίραοθαιΒλ)
546 3513 580 3562 26
595 3506 810 3578 ἐγκαταλιποῦοι
852 3503 1120 3578 λιέγκαταλείπουοι
1133 3509 1158 3562 R
1173 3509 1180 3580 ή

159 3579 327 3646 προδιδοῦσι
346 3575 368 3631 0
391 3580 529 3646 προδοῦσι
548 3577 636 3634 Cobet
655 3578 720 3634 obs.
739 3596 766 3648 p.
783 3583 835 3633 198
1090 3587 1092 3590 ’
