2662 3920
175 197 220 262 44
605 199 760 248 -Ι-

175 321 279 405 μένου
306 329 366 386 τοῦ
395 323 499 386 τόπου
527 325 638 399 ψιλοῖς
664 322 719 386 καὶ
744 321 937 406 δυσβάτοις,
965 317 1044 387 οὔθ’
1066 319 1204 398 ἑαυτοῖς

176 430 303 514 τροφὰς
339 426 375 493 ἐκ
406 439 464 512 τῆς
495 429 652 509 πολεμίας
684 430 903 512 συγκομίζειν,
932 425 1045 512 ἐπειδὴ
1078 449 1198 493 καταν-

176 537 304 602 άλωντο
334 534 373 612 ἃς
400 535 537 601 οἴκοθεν
566 531 700 628 ἔφερον,
733 533 809 600 ούτε
834 535 1201 620 μεταστρατοπεδεύσα-

176 650 259 711 σθαι
292 653 360 708 τῶν
395 644 562 724 πολεμίων
595 637 870 726 ἀντικαθημένων
906 642 961 707 καὶ
997 643 1201 707 κωλυόντων

146 753 234 828 ετάς
270 748 415 827 ἐξόδους.
474 749 660 833 βιάσασθαί
694 771 729 814 τε
765 751 982 835 προελόμενοι
1023 749 1079 813 καὶ
1116 765 1289 833 xpo-2050

177 860 334 934 ελθόντες
353 858 400 934 είς
418 856 525 942 μάχην
550 853 828 941 ἀνεκρούσθησαν
846 857 900 921 καί
923 858 1047 934 πολλὰς
1070 858 1201 941 πληγὰς
1316 867 1317 888 ¹

176 967 335 1048 λαβόντες
358 965 405 1041 είς
427 965 488 1029 τὸν
511 963 615 1029 αὐτὸν
636 965 920 1048 κατεκλείσθησαν
941 963 1075 1049 χάρακα.
1117 963 1136 1029 ὁ
1159 963 1200 1028 δέ

125 1055 313 1148 ’Κοίλιος
336 1069 495 1156 ἐπαρθείς
517 1082 563 1157 τῷ
587 1073 808 1156 προτερήματι
830 1070 936 1157 τούτῳ
959 1071 1202 1155 περιετάφρευὲ

175 1201 210 1243 τε
239 1179 361 1255 αὐτούς
388 1179 444 1243 καὶ
471 1177 711 1263 περιεχαράκου
738 1177 794 1242 καὶ
821 1178 945 1254 πολλάς
968 1175 1103 1255 ἐλπίδας
1131 1171 1199 1262 εἶχε

132 1258 259 1387 ,ξλιμῷ
288 1284 487 1360 πιεσθέντας
513 1284 725 1370 παραδώσειν
752 1284 841 1369 αύτῷ
869 1285 909 1348 τά
936 1284 1030 1349 ὅπλα.
1081 1281 1199 1368 άφικο-
1295 1273 1318 1292 '⁴

176 1391 277 1477 μένης
309 1392 339 1457 δ’
366 1394 414 1469 είς
441 1389 567 1476 Ῥώμην
601 1392 677 1476 περί
709 1391 837 1456 τούτων
870 1389 1024 1474 ἀγγελίας
1055 1393 1200 1468 Κόιντος

180 1499 305 1582 Φάβιος
333 1498 351 1565 ὁ
379 1499 614 1584 καταλειφθεὶς
641 1496 695 1562 ἐπί
722 1508 779 1582 τῆς
806 1499 932 1574 πόλεως
962 1494 1103 1583 ἔπαρχος
1134 1497 1198 1564 ἀπὸ

176 1616 234 1690 τῆς
261 1608 326 1671 σὺν
354 1607 443 1692 αὐτῷ
472 1614 627 1691 στρατιᾶς
653 1605 735 1670 ὅσον
761 1601 805 1688 ἦν
833 1604 1051 1687 άκμαιότατόν
1078 1627 1113 1670 τε
1142 1605 1199 1670 καὶ

176 1713 353 1799 κράτιστον
384 1711 533 1790 ἐπιλέξας
565 1711 664 1797 μέρος
695 1709 749 1777 ἐπὶ
781 1713 970 1796 συμμαχίαν
997 1708 1120 1794 έπεμψε
1152 1723 1198 1800 τῷ

133 1840 158 1881 ιε
175 1819 299 1907 ὑπάτῳ.
344 1820 456 1903 ηγείτο
484 1819 522 1884 δὲ
548 1828 606 1902 τῆς
633 1819 805 1901 δυνάμεως
829 1819 950 1903 ταύτης
978 1820 1072 1896 Τίτος
1095 1821 1164 1884 Κοί
1184 1857 1199 1866 -

137 1927 246 2003 δτιος
277 1925 295 1992 ὁ
328 1929 444 2009 ταμίας
476 1921 562 2011 ἀνὴρ
593 1926 760 2002 ὑπατικός.
811 1927 894 2011 πρὸς
925 1925 963 1991 δέ
994 1927 1054 1990 τὸν
1085 1924 1199 2010 ἕτερον

176 2044 244 2099 τῶν
272 2033 409 2098 ὑπάτων
435 2033 588 2098 Ναύτιον
618 2030 672 2097 ἐπί
704 2042 762 2117 τῆς
791 2030 1018 2124 ἐνχΣαβίνοις
1045 2041 1199 2118 στρατιάς

178 2141 259 2206 δντα
281 2140 455 2226 γράμματα
482 2139 669 2222 διαπέμψας
693 2139 733 2204 τά
755 2162 790 2204 τε
814 2138 986 2221 συμβάντα
1008 2151 1054 2226 τῷ
1077 2145 1197 2224 Μηνυ-

177 2250 237 2336 κίῳ
274 2247 455 2333 διεσάφησε
491 2248 547 2313 καί
585 2245 690 2312 αὐτὸν
722 2246 816 2330 ἥκειν
847 2243 942 2328 ηξίου
976 2246 1032 2311 διὰ
1063 2245 1197 2332 ταχέων.

133 2375 159 2414 ιο
177 2354 328 2430 κάκεῖνος
355 2353 532 2440 ἐπιτρέψας
559 2363 629 2431 τοίς
656 2355 874 2440 πρεσβευταῖς
901 2354 961 2418 τὸν
984 2353 1110 2438 χάρακα
1134 2377 1198 2438 φυ-

178 2460 308 2525 λάττειν
338 2461 436 2537 αὐτὸς
467 2463 531 2525 σὺν
561 2460 687 2544 ὀλίγοις
719 2461 875 2525 ἱππεῦσιν
907 2461 954 2537 είς
986 2461 1048 2544 την
1073 2457 1198 2544 Ῥώμην
1207 2476 1281 2526 2051

178 2564 310 2631 ἐλαύνει
334 2569 485 2655 συντόνῳ
508 2567 713 2651 χρησάμενος
739 2567 891 2654 λππασίρι·
915 2567 1079 2632 εἰσελθὼν
1102 2563 1132 2631 δ’
1151 2567 1198 2644 είς

177 2675 238 2758 την
265 2673 365 2738 πόλιν
393 2669 440 2737 ἐτι
468 2677 592 2757 πολλῆς
619 2674 739 2749 νυκτὸς
771 2673 873 2757 ούσης
905 2672 1100 2756 ἐβουλεύετο
1133 2676 1197 2738 σὺν

177 2792 222 2866 τῷ
249 2783 364 2867 Φαβίῳ
387 2781 442 2844 καὶ
465 2790 532 2844 τῶν
556 2780 666 2844 άλλων
689 2784 834 2845 πολιτῶν
856 2790 927 2857 τοίς
948 2779 1197 2865 πρεσβυτάτοις,

133 2888 195 2953 εεό
228 2910 260 2952 τι
291 2888 353 2972 χρη
385 2895 503 2951 ποιεῖν.
558 2884 629 2951 ἐπεὶ
661 2886 699 2951 δὲ
730 2895 832 2951 πᾶσιν
864 2885 972 2952 ἐδόκει
1006 2886 1198 2972 δικτάτορος

178 2995 312 3060 δεῖσθαι
339 2993 357 3058 ὁ
385 2994 514 3078 καιρός,
545 2991 783 3058 ἀποδείκνυσιν
812 2992 867 3059 ἐπὶ
896 2994 958 3078 τὴν
987 2993 1093 3079 ἀρχὴν
1120 2994 1197 3058 ταύ-

250 3141 264 3187 1
279 3133 433 3203 όψηλοϊςΑ
483 3139 498 3185 2
514 3132 781 3206 *κατ<η>νάλωντο
791 3132 838 3187 Bb
853 3131 872 3186 ά
886 3150 920 3187 ex
934 3133 952 3202 η
966 3131 1000 3186 cf.
1011 3131 1120 3201 Jacoby
1131 3133 1196 3188 Aar.

177 3203 272 3274 Progr.
283 3223 309 3274 p.
320 3211 353 3258 32
391 3211 407 3258 ὁ
422 3203 579 3275 βιάσασθαι
591 3204 621 3259 δὲ
632 3221 655 3258 ο,
663 3204 806 3274 Kiessling
843 3209 858 3257 ἵ
869 3205 910 3266 εἰς
923 3206 1016 3258 αὑτῶν
1031 3221 1053 3258 ο.
1065 3203 1197 3258 Gelenius

179 3282 212 3329 13
232 3273 432 3348 ἀκμαιότατον]
452 3272 677 3345 ἀναγκαιότατον
697 3275 718 3330 Ο
739 3292 807 3329 corr.
823 3274 946 3344 Sylburg
1020 3282 1053 3328 14
1072 3271 1198 3340 ἐπιλέξας

178 3344 300 3416 μέροςΟ
329 3344 411 3416 μέρος
436 3345 562 3412 ἐπιλέξας
586 3363 637 3415 per
662 3362 783 3400 errorem
808 3346 931 3400 Kiesslin
1015 3353 1048 3400 1⁷
1068 3354 1197 3413 στρατιᾶς

178 3417 254 3471 ABa
278 3415 422 3486 στρατείας
440 3417 486 3470 Bb
550 3422 583 3471 18
602 3415 727 3492 μηνυκίιμ
746 3415 823 3469 ABb
847 3363 965 3488 μινυκίῳ
984 3416 1030 3469 Ba
1089 3422 1122 3469 21
1143 3414 1197 3469 όλί-

178 3508 238 3558 γοις
256 3489 278 3540 Β
301 3497 361 3551 τοῖς
379 3487 471 3550 ἄλλοις
489 3489 515 3542 R
592 3494 626 3541 24
648 3489 769 3541 πολιτῶν
788 3487 811 3540 Ο
835 3489 990 3557 βουλευτῶν
1013 3503 1036 3542 ο.
1055 3487 1198 3556 Kiessling
