2654 3916
156 213 223 280 280
578 241 612 250 -·
649 214 685 264 1⁵
722 241 755 249 ··
1318 285 1319 330 χ

225 336 299 404 IIII.
327 335 378 425 (8)
399 334 485 422 Ὅτι,
513 337 597 423 φησί
623 337 820 419 Διονύσιος,
847 343 923 418 μιᾶς
950 331 998 400 ἔτι
1024 338 1262 419 μνησθή-2336
1318 345 1319 406 λ

156 461 255 528 σομαι
283 443 432 530 πράξεως
460 449 631 528 πολιτικῆς
659 442 752 522 ἀξίας
780 442 847 508 ὑπὸ
879 441 1014 508 πάντων
1043 441 1178 526 ἀνθρώ·
1318 425 1319 434 ¹

156 574 229 618 πων
257 551 483 636 ἐπαινείσθω,
511 550 544 630 ἐξ
571 548 611 636 ἧς
637 551 825 634 καταφανὲς
852 547 944 615 ἔσται
970 559 1040 626 τοῖς
1058 545 1178 632 Ἐλλη-

157 675 223 743 σιν,
253 659 335 725 ὅσον
362 655 408 743 ἦν
435 659 473 724 τὸ
502 660 732 743 μισοπόνηρον
761 656 799 724 ἐν
827 666 867 743 τῇ
891 655 995 747 Ῥώμχ
1020 658 1095 721 τότε
1122 655 1177 720 καί

125 767 194 832 ιτὸ
225 767 309 853 πρὸς
340 767 419 844 τοὺς
450 767 719 851 παραβαίνοντας
754 766 795 830 τά
830 765 927 830 κοινά
962 765 1086 846 νόμιμα
1121 771 1179 846 τῆς

116 873 375 960 2ἀνθρωπίνης
416 872 549 958 φύσεως
591 871 789 956 ἀμείλικτον.
853 871 954 948 Γάιος
993 869 1178 954 Λαιτώριος
1318 927 1319 958 3

157 979 295 1066 Μίργος
322 977 496 1064 ίπάιλησιν
518 977 684 1065 ἐπιφανὴς
709 979 792 1044 κατὰ
818 977 916 1062 γένος
937 977 994 1042 καλ
1015 977 1099 1042 κατὰ
1120 977 1263 1053 τάςεεδι
1318 967 1319 976 “

157 1087 335 1168 πολεμικὰς
366 1084 501 1171 πράξεις
529 1086 592 1151 οὐκ
620 1085 776 1170 ἀγεννής,
809 1084 884 1162 ἑνὸς
910 1095 978 1150 τῶν
1004 1083 1179 1168 ταγμάτων

157 1195 326 1279 χιλίαρχος
371 1192 584 1278 ἀποδειχθείς
629 1191 668 1258 ἐν
711 1203 757 1278 τῷ
801 1196 991 1278 Σαυνιτικῷ
1037 1189 1180 1278 πολέμῳ,

114 1321 140 1362 ιο
157 1303 297 1366 νεανίαν
331 1303 408 1366 τινὰ
443 1311 511 1365 τῶν
543 1299 739 1384 ὁμοσκίμιων
771 1296 975 1384 διαφέροντα
1006 1298 1068 1381 τὴν
1099 1297 1180 1376 ὅφιν

158 1405 281 1494 ἑτέρων
317 1407 413 1494 μέχρι
448 1406 511 1490 μέν
546 1429 638 1484 τινος
670 1403 807 1472 ἔπειθεν
838 1403 945 1490 ἑαυτῷ
977 1406 1181 1490 χαρίσασθαι

157 1515 219 1598 τὴν
246 1523 306 1580 τοῦ
335 1515 485 1596 σώματος
511 1513 603 1600 ὥραν
630 1511 756 1579 ἑκόντα.
807 1512 852 1589 ὡς
880 1509 912 1576 θ’
934 1513 1012 1577 οὔτε
1041 1512 1182 1596 δωρεαῖς

158 1619 229 1686 οὔτ’
256 1621 339 1710 ἀλλφ
372 1621 613 1708 φιλανθρωπία
641 1621 679 1686 τὸ
706 1619 879 1706 μειράκων
905 1619 1073 1703 ἡλίσκετο,
1105 1640 1182 1683 κατ-

159 1726 247 1812 έχειν
278 1727 340 1810 τὴν
373 1725 558 1810 ἐπιθυμίαν
589 1725 755 1804 ἀδύνατος
786 1727 835 1792 ὢν
865 1727 944 1808 βίαν
976 1724 1182 1812 προσφέρειν

113 1807 343 1936 Ξίπεβάλετο.
394 1835 595 1918 περιβοήτου
625 1833 663 1898 δὲ
692 1843 750 1918 τῆς
780 1833 939 1916 ἀκοσμίας
968 1841 1029 1898 τοῦ
1058 1831 1183 1918 ἀνδρὸς

158 1940 261 2006 ἀπασι
297 1949 367 2018 τοῖς
402 1937 457 2005 ἐπὶ
493 1948 553 2006 τοῦ
590 1939 817 2026 στρατοπέδου
849 1938 1030 2024 γενομένης
1065 1939 1182 2004 κοινὸν

158 2045 301 2132 ἀδίκημα
337 2055 395 2131 τῆς
430 2048 557 2124 πόλεως
594 2039 681 2113 είναι
716 2048 913 2130 νομίσαντες
949 2045 982 2112 ολ
1019 2046 1182 2131 δήμαρχοι

158 2155 293 2240 γραφὴν
316 2153 525 2240 ἀποφέρουσι
547 2153 618 2219 κατ’
635 2154 740 2220 αὐτοῦ
764 2153 921 2240 δημοσίᾳ,
948 2152 1004 2218 καί
1031 2151 1049 2218 ὁ
1078 2151 1182 2236 δῆμος

158 2259 300 2338 ἁπάσαις
327 2270 399 2338 ταῖς
424 2265 551 2347 ψήφοις
577 2269 638 2326 τοῦ
666 2260 789 2346 ἀνδρὸς
815 2259 962 2344 κατέγνω
986 2261 1108 2343 τίμημα
1131 2259 1181 2324 δί-

113 2389 140 2430 ιο
157 2391 217 2451 κης
240 2367 355 2454 ὁρίσας
377 2367 540 2451 θάνατον,
567 2367 630 2432 οὐκ
657 2365 759 2445 ἀξιῶν
782 2368 830 2444 είς
857 2365 1020 2452 ἐλεύθερα
1047 2366 1192 2449 σώματα

158 2473 214 2538 καί
242 2479 518 2559 προπολεμοῦντα
546 2485 605 2560 τῆς
636 2485 703 2540 τῶν
734 2475 845 2540 ἀλλων
875 2471 1069 2560 ἐλευθερίας
1101 2475 1181 2550 τοὺς

159 2577 196 2644 ἐν
225 2589 297 2657 ταῖς
326 2589 434 2663 τιμαῖς
463 2581 562 2658 ὄντας
590 2581 688 2660 <καί>
717 2581 834 2667 ἀρχαῖς
861 2579 1010 2666 ὑβρίζειν
1037 2581 1096 2658 τὰς
1122 2579 1181 2645 ἀν-

230 2755 348 2811 ῠκοινίι
366 2756 415 2810 καί
434 2753 538 2825 νόμιμα
557 2756 658 2810 fluidas
720 2762 754 2810 16
773 2765 822 2811 τοῦ
841 2773 895 2810 om.
915 2756 1017 2810 Suidas
1077 2761 1111 2810 18
1130 2757 1181 2824 δη-

158 2824 259 2896 μοσίαν
278 2844 301 2882 ο.
316 2827 420 2882 Reiske
482 2832 515 2881 20
534 2826 665 2883 θανάτου
683 2827 785 2882 Turon.
801 2845 870 2882 corr.
885 2827 1015 2882 Valesius
1077 2833 1111 2881 22
1129 2826 1180 2882 *ἐν

157 2907 220 2961 ταῖς
243 2897 338 2962 ἀλλαις
361 2897 445 2962 ὄντας
467 2899 568 2968 ἀρχαῖς
590 2899 692 2953 Turon.
717 2897 747 2952 ἐν
769 2907 832 2961 ταῖς
854 2897 1032 2969 στρατηγίαις
1050 2899 1099 2953 καί
1117 2907 1181 2961 ταῖς

158 2968 254 3033 ἀλλοιις
272 2969 356 3032 ὄντας
375 2970 476 3040 ἀρχαῖς
494 2987 516 3024 ο.
532 2969 635 3024 Reiske
654 2969 685 3025 ἐν
703 2969 835 3040 μεγάλαις
853 2969 937 3034 ὄντας
955 2971 1057 3041 ἀρχαῖς
1073 2987 1096 3025 ο.
1107 2969 1181 3026 smit

159 3040 224 3095 Obs.
243 3060 270 3111 p.
287 3049 319 3096 61
340 3040 370 3096 ίν
388 3050 451 3104 ταῖς
468 3049 561 3110 τιμαῖς
580 3039 664 3105 ὄντας
682 3041 731 3095 καί
750 3042 851 3112 ἀρχαῖς
869 3059 921 3112 ego

228 3201 253 3238 v.
269 3191 293 3240 6.
318 3181 454 3254 Ῥωμαῖός
471 3203 513 3246 τις
532 3183 618 3246 Γάιος
636 3185 802 3253 Λαιτώριος,
821 3180 938 3239 νεανίαν
956 3183 1094 3238 τινὰτῶν
1113 3182 1181 3254 ὁμο-

159 3255 269 3324 σκήνων
293 3254 407 3310 ἔπειθεν
431 3254 520 3329 ἑαυτῷ
542 3253 717 3326 χαρίσασθαι
739 3255 790 3326 τὴν
812 3263 862 3310 τοῦ
884 3256 1008 3324 σώματος
1027 3254 1115 3324 ὥραν·
1142 3255 1181 3318 ὡς

158 3323 186 3380 δ’
204 3325 266 3381 οὔτε
286 3329 404 3395 δωρεαῖς
422 3326 485 3382 οὔτε
504 3325 708 3402 φιλανθρωπίᾳ
725 3324 757 3382 τὸ
776 3326 921 3396 μειράκιον
939 3324 1079 3397 ἡλίσκετο,
1101 3346 1181 3396 περι-

159 3398 261 3468 βοήτου
278 3405 328 3468 τῆς
346 3396 483 3468 ἀκοσμίας
500 3407 549 3453 τοῦ
569 3395 673 3466 ἀνδρὸς
691 3395 841 3468 γενομένης
855 3397 883 3452 οἱ
897 3397 1036 3468 δήμαρχοι
1049 3397 1180 3454 θάνατον

159 3469 245 3524 αὐτοῦ
266 3469 338 3541 [cod.
354 3469 376 3534 Q
396 3465 494 3542 αὐτὸν]
514 3467 701 3540 κατέγνωσαν.
734 3470 829 3525 Ambr.
