2662 3920
581 215 737 265 -I-
1123 212 1165 277 41

12 423 16 428 .
148 337 274 414 λύσεως
303 347 362 403 τοῦ
393 335 554 422 πολέμου,
584 334 622 403 ἐν
652 329 704 414 αίς
734 335 877 422 ἐγρύφη,
908 334 1020 415 πόλεις
1048 355 1084 402 τε
1113 337 1169 402 καί

147 445 256 530 χώρας
278 441 413 530 ἔχοντας
430 443 611 528 Αἰκανούς,
633 437 682 509 ὧν
700 441 872 530 ἐκράτουν,
895 445 950 510 ότε
971 446 1006 510 αί
1026 444 1169 510 σπονδαί

147 550 315 637 ἐγίνοντο,
345 535 513 634 Ῥωμαίοις
545 545 631 618 εἶναι
661 550 845 636 ὑπηκόους,
882 552 963 617 ἄλλο
994 551 1056 634 μέν
1086 551 1170 617 ὑπο-

147 663 326 736 τελοῦντας
347 658 468 744 μηβέν,
491 657 528 724 ἐν
546 657 584 725 δέ
606 667 677 735 τοῖς
699 657 854 741 πολέμοις
877 661 1066 744 συμμαχίαν
1089 658 1169 724 ἀπο

148 765 344 843 στέλλοντας
367 765 587 850 ὁσηνδήποτε,
611 765 721 852 ὥσπερ
744 765 800 832 καί
823 765 856 830 οί
879 765 973 830 ἄλλοι
996 765 1169 850 σύμμαχοι.
1201 784 1213 826 ι

147 873 202 938 καί
226 874 263 938 τὸ
287 869 360 950 ἐτος
381 881 480 938 τοῦτο
503 869 663 938 ἐτελεύτα

68 998 138 1048 τότε
219 978 322 1045 ΧΧΠ.
350 985 402 1066 Τῷ
426 979 457 1045 δ’
474 977 547 1064 ἐξής
570 978 710 1066 ἐνιαυτῷ
736 979 836 1056 Γάιος
857 978 1007 1055 Ναύτιος
1033 979 1071 1044 τὸ
1094 979 1170 1044 δεύ-

148 1109 246 1171 τερον
278 1087 426 1173 αἱρεθείς
457 1088 513 1153 καί
544 1087 685 1165 Λεύκιος
714 1086 890 1171 Μηνύκιος
922 1087 1170 1172 παραλαβόντες

148 1196 209 1280 τήν
245 1191 375 1260 ύπατον
412 1194 518 1280 ἀρχήν
553 1191 634 1271 τέως
669 1193 731 1276 μὲν
765 1193 851 1280 ὑπὲρ
887 1205 955 1259 τῶν
991 1197 1170 1259 πολιτικῶν

148 1303 288 1369 δικαίων
315 1304 461 1384 πόλεμον
489 1299 584 1378 ἐντὸς
609 1301 739 1387 τείχους
768 1299 953 1384 ἐπολέμουν
982 1301 1065 1385 πρὸς
1091 1303 1170 1377 τούς
1189 1321 1214 1360 10

148 1409 214 1491 ἅμα
250 1409 435 1495 Οὐεργινίῳ
468 1408 657 1494 δημάρχους
689 1411 769 1487 τοὺς
805 1407 962 1494 τέταρτον
998 1403 1071 1485 ἔτος
1104 1407 1169 1492 ήδη

148 1516 210 1599 τήν
234 1513 340 1599 αὐτήν
361 1516 585 1600 κατασχόντας
608 1515 721 1602 ἀρχήν.
768 1513 839 1582 ἐπεί
862 1515 893 1580 δ’
911 1515 975 1582 ἀπὸ
999 1525 1066 1580 τῶν
1089 1512 1209 1598 πλη-2

149 1621 321 1704 σιοχύρων
339 1617 453 1686 ἐθνῶν
471 1623 613 1705 πόλεμος
632 1621 803 1706 ἐπεγένετο
821 1633 862 1710 τή
886 1625 995 1707 πόλει,
1017 1622 1073 1687 καί
1095 1621 1170 1699 δέος

148 1724 202 1812 ήν,
224 1729 268 1812 μή
291 1729 353 1812 τήν
372 1727 477 1814 ἀρχήν
500 1728 743 1814 ἀφαιρεθῶσιν,
766 1729 915 1813 ἀσμένως
938 1727 1110 1812 δεξάμενοι
1131 1730 1169 1794 τὸ

150 1836 282 1918 συμβὰν
314 1834 378 1900 ἀπὸ
410 1844 468 1920 τῆς
501 1835 602 1921 τύχης
635 1837 695 1902 τὸν
727 1839 963 1922 στρατιωτικὸν
994 1836 1169 1904 ἐποιοῦντο
1189 1851 1214 1892 1⁶
1308 1849 1313 1860 '

148 1942 333 2026 κατάλογον
364 1942 420 2008 καί
451 1943 664 2028 μερισάμενοι
695 1953 790 2030 τριχῇ
818 1943 876 2022 τύς
903 1967 938 2010 τε
965 1945 1089 2022 οἰκείας
1115 1945 1195 2023 καί,

148 2050 206 2127 τὰς
237 2049 327 2135 παρὰ
358 2061 427 2116 τῶν
458 2049 639 2134 συμμάχων
671 2049 829 2133 δυνάμεις
860 2054 940 2134 μίαν
971 2053 1032 2135 μέν
1062 2050 1100 2117 ἐν
1129 2061 1169 2136 τή

147 2159 243 2223 πόλει
274 2168 395 2244 μοίραν
427 2157 615 2240 κατέλιπον,
650 2153 690 2242 ής
722 2158 835 2242 ήγείτο
867 2161 1012 2235 Κόιντος
1046 2158 1171 2240 Φοίβιος

151 2264 372 2348 Ούιβολανός,
400 2266 458 2342 τὰς
485 2264 523 2329 δέ
550 2265 668 2340 λοιπὰς
695 2263 790 2329 αὐτοί
813 2266 1061 2350 παραλαβόντες
1084 2263 1171 2356 ἐξήε-

148 2387 212 2436 σαν
240 2371 296 2436 διδι
323 2369 459 2456 ταχέων,
489 2369 544 2436 έπί
570 2371 633 2452 μέν
659 2373 832 2453 Σαβίνους
857 2371 1021 2457 Ναύτιος,
1051 2370 1105 2438 ἐπί
1135 2369 1166 2438 δ’
1188 2385 1215 2426 ²⁰

147 2479 318 2555 Αἰκανοὺς
348 2479 531 2562 Μηνύκιος.
582 2475 753 2563 ἀμφότερα
784 2480 847 2564 γὰρ
878 2488 982 2546 ταῦτα
1013 2481 1053 2546 τὰ
1085 2472 1209 2565 ἐθνηῧ

147 2588 229 2652 κατὰ
269 2588 330 2652 τὸν
370 2585 474 2651 αὐτὸν
514 2586 639 2671 χρόνον
680 2584 871 2672 ἀφειστήκει
910 2597 968 2672 τής
1004 2585 1171 2671 Ῥωμαίων

149 2693 264 2779 ἀρχῆς,
299 2696 444 2776 Σαβῖνοι
475 2691 536 2774 μέν
568 2690 605 2758 ἐκ
637 2697 749 2773 (τοῦ)
783 2703 947 2780 φανεροῦ,
984 2695 1039 2760 καί
1075 2695 1170 2782 μέχρι

68 2816 138 2866 2046
152 2801 299 2886 Φιδήνης
321 2801 448 2878 πόλεως
469 2801 608 2884 ήλασαν,
631 2796 671 2884 ής
693 2798 855 2893 ἐκρότουν
870 2799 1021 2883 Ῥωμαῖοι
1039 2839 1081 2848 -—
1100 2823 1169 2866 τετ-

147 2905 333 2993 ταράκοντα
351 2903 381 2971 δ’
396 2907 482 2972 είσίν
501 2908 534 2972 οί
553 2907 608 2972 διιλ
626 2907 729 2990 μέσον
748 2917 816 2972 τῶν
833 2909 965 2973 πόλεων
983 2907 1112 2973 στύδιοι
1125 2945 1169 2954 -
1188 2919 1214 2960 ²⁶

148 3014 291 3080 Αίκανοί
328 3013 365 3079 δὲ
402 3013 489 3100 λόγῳ
526 3013 588 3096 μὲν
625 3013 848 3099 φυλάττοντες
884 3015 924 3080 τὰ
960 3024 1017 3098 τής
1051 3015 1170 3080 νεωστί

148 3121 329 3206 γενομένης
352 3122 537 3205 συμμαχίας
560 3121 681 3205 δίκαια,
705 3117 790 3209 ἐργφ
814 3121 852 3186 δὲ
874 3121 930 3186 καί
953 3115 1046 3187 οὗτοι
1069 3121 1169 3207 πρύτ-

147 3251 259 3306 τοντες
288 3229 329 3294 τδι
361 3239 429 3294 τῶν
458 3229 634 3310 πολεμίων.
686 3226 741 3294 ἐπί
772 3229 837 3313 γὰρ
869 3230 948 3305 τοὺς
979 3219 1209 3314 συμμάχους4

221 3373 237 3420 2
256 3369 351 3437 χώραν
370 3383 392 3422 ο.
412 3367 556 3438 Kiessling
617 3372 634 3420 4
652 3365 793 3435 πολεμίοις
811 3368 857 3420 Ba
916 3373 932 3422 8
951 3368 1080 3492 ρφνύκιος
1097 3367 1143 3422 Ba
1164 3369 1166 3440 λ

150 3435 315 3509 παραλαβδν
329 3439 375 3492 Ba
393 3439 565 3562 παραλαβὼν
579 3436 656 3491 ABb
674 3436 885 3510 παραλαβόντες
903 3437 952 3507 syl
972 3457 1026 3509 urg
1085 3445 1119 3492 *λδ
1138 3438 1169 3493 ἐκ

150 3517 275 3577 φανεροῦ
295 3509 317 3564 Ο
338 3525 406 3564 corr.
426 3511 506 3564 Κιεεε
519 3527 569 3579 mg
