2656 3932
600 199 757 248 -1-
1142 199 1183 264 87

169 322 330 408 αχθίντος
361 323 542 409 παρελθὼν
574 321 592 388 6
619 324 756 400 Σίκκιος
788 325 850 407 τήν
881 345 916 388 τε
947 325 1046 407 νίκην
1073 320 1185 400 αὐτοῖς

36 431 40 439 ’
168 429 312 515 ἐδήλωσε
343 431 400 495 καὶ
426 431 487 495 τὸν
513 431 639 515 τρόπον
666 438 726 494 τοῦ
754 429 884 513 ἀγῶνος
911 427 1103 515 ἐνεφάνισε,
1131 431 1186 495 καί

167 534 219 602 ὅτι
251 538 340 623 παρὰ
366 537 429 620 τήν
457 536 548 602 ίδίαν
575 536 696 622 ἀρετήν
722 537 778 602 καί
804 547 873 602 τῶν
901 539 965 601 σὺν
993 533 1082 622 αὐτῷ
1109 557 1187 622 πρε-

168 643 339 730 σβυτέρων
376 643 510 730 ἀνδρῶν
547 641 761 726 ὀκτακοσίων,
793 642 852 720 οὓς
888 643 1187 726 ἀποθανουμένους

168 748 365 817 ἀπέστειλαν
397 752 430 816 οἱ
460 750 596 834 ὕπατοι,
628 746 648 816 ὅ
679 772 714 814 τε
745 748 847 836 χάραξ
880 749 898 816 6
930 761 998 816 τῶν
1029 752 1187 816 Αἰκανῶν
1220 770 1232 810 ι

167 855 301 943 ἐλήφθη
337 858 392 922 καί
423 858 443 941 ή
476 858 618 940 δύναμις
654 858 675 941 ή
712 855 963 943 παραταξαμένη
999 867 1069 935 τοῖς
1104 857 1188 923 ὑπά-

167 987 237 1042 τοις
265 964 460 1049 ἠναγκάσθη
488 974 624 1049 φυγεῖν·
653 962 748 1048 ήξίου
775 986 811 1028 τε
838 963 960 1041 αὐτοὺς
986 964 1104 1048 μηδενί
1130 965 1228 1049 τής4

167 1074 263 1156 νίκης
284 1070 385 1160 ἑτέρφ
407 1073 469 1157 τήν
491 1071 590 1157 χάριν
610 1071 735 1137 είδάναι
757 1071 812 1136 καί
834 1075 997 1136 τελευτῶν
1016 1069 1064 1138 ἔτι
1086 1087 1188 1156 προσ-

169 1179 291 1264 έθηκεν
313 1177 521 1244 ἐκεῖνοντὸν
544 1180 656 1263 λόγον,
679 1175 732 1244 ὅτι
753 1180 812 1256 τάς
831 1180 939 1263 ψυχὰς
962 1179 1017 1244 καί
1039 1180 1079 1244 τά
1102 1175 1188 1244 ὅπλα

86 1301 158 1351 2118
168 1287 327 1366 σώζοντες
358 1285 492 1370 ήκομεν,
525 1285 605 1351 ἀλλο
638 1285 676 1351 δὲ
708 1284 808 1351 οὐδὲν
839 1296 907 1351 τῶν
938 1285 1188 1372 κεκρατημένων
1208 1306 1234 1346 ιο

168 1395 246 1460 οὔτε
273 1395 384 1476 μεῖζον
411 1389 481 1457 οὔτ’
503 1387 640 1457 ἔλαττον
667 1390 922 1476 ἐξενεγκάμενοι.
974 1393 992 1458 6
1020 1393 1058 1458 δὲ
1085 1391 1229 1477 δήμοςὸ

169 1500 314 1576 ἀκούσας
331 1500 391 1564 τὸν
410 1500 512 1582 λόγον
530 1500 578 1576 είς
596 1492 709 1565 οίκτόν
727 1522 762 1564 τε
780 1499 836 1566 καί
854 1499 982 1585 δάκρυα
999 1501 1189 1586 προθκεσεν

169 1606 259 1691 δρῶν
281 1605 343 1688 μὲν
364 1607 424 1682 τάς
448 1606 577 1688 ἡλικίας
604 1617 673 1672 τῶν
700 1605 845 1691 ἀνδρῶν,
872 1605 1124 1690 ἐνθυμούμενος
1152 1605 1189 1672 δὲ

168 1715 227 1790 τάς
250 1711 381 1798 ἀρετάς,
409 1707 605 1795 ἀγανακτῶν
628 1713 666 1778 δὲ
688 1713 744 1779 καί
766 1725 915 1796 νεμεσῶν
939 1725 1009 1792 τοῖς
1036 1712 1189 1797 ἐπιβαλο-

168 1819 281 1904 μένοις
298 1819 461 1885 τοιούτων
479 1815 614 1905 ἀνδρῶν
632 1818 799 1906 ἐρημῶσαι
816 1822 879 1905 τήν
898 1823 1006 1888 πόλιν.
1043 1819 1190 1906 ἐγεγόνει
1209 1840 1234 1880 ιι

169 1926 221 2011 δέ,
245 1926 263 1992 6
282 1927 473 2012 προῦλαβεν
491 1925 509 1991 6
528 1928 679 2011 Σίκκιος,
702 1936 798 2008 μίσος
816 1929 863 2005 είς
885 1931 964 2005 τοὺς
986 1928 1133 2005 ὑπάτους
1156 1925 1189 2005 ἐξ

140 2057 147 2069 ·
169 2033 326 2100 ἁπάντων
348 2045 416 2100 τῶν
438 2038 592 2099 πολιτῶν.
634 2033 714 2098 οὐδὲ
735 2035 800 2119 γὰρ
821 2036 842 2118 ή
866 2037 972 2119 βουλή
995 2037 1033 2100 τὸ
1056 2043 1190 2119 πρᾶγμα
1209 2035 1229 2097 6

168 2143 307 2228 μετρίως
342 2143 492 2225 ήνεγκεν,
527 2140 549 2223 ή
587 2136 657 2204 οὔτ’
689 2137 874 2225 ἐψηφίσατο
912 2141 1024 2218 αὐτοῖς
1055 2142 1190 2225 πομπήν

168 2247 346 2332 θριάμβων
374 2248 451 2312 οὔτε
478 2248 560 2312 ἀλλο
588 2269 621 2310 τι
647 2257 716 2311 τῶν
743 2245 797 2312 ἐπί
824 2252 938 2323 καλοῖς
966 2247 1071 2330 ἀγῶσι
1099 2269 1190 2330 γινο-

169 2354 287 2437 μένων.
332 2354 393 2418 τὸν
415 2353 528 2436 μέντοι
552 2354 692 2418 Σίκκιον
715 2352 733 2418 6
756 2353 874 2436 δῆμος,
901 2351 1014 2438 ἐπειδή
1042 2360 1190 2438 καθῆκεν
1209 2373 1235 2412 ιο

170 2462 188 2528 6
220 2471 288 2526 τῶν
320 2457 541 2546 ἀρχαιρεσίων
572 2461 701 2545 καιρός,
735 2459 905 2545 δήμαρχον
938 2458 1118 2544 ἀπέδειξεν,
1151 2457 1190 2545 ής

169 2570 285 2655 κύριος
305 2563 349 2652 ήν
371 2577 466 2652 τιμῆς
489 2563 679 2644 ἀποδιδούς.
723 2567 778 2632 καί
801 2569 841 2632 τά
863 2567 925 2650 μὲν
947 2566 1191 2654 ἐπιφανέστατα

168 2687 237 2742 τῶν
259 2677 334 2742 τότε
356 2673 577 2760 πραχθέντων
599 2671 704 2741 τοιάδ’
721 2671 772 2759 ήν.

240 2780 452 2848 XXXXVIH.
472 2778 530 2847 Ἐν
553 2783 591 2848 δὲ
612 2792 658 2870 τῷ
681 2784 762 2865 μετά
784 2782 925 2860 τούτους
946 2785 1026 2859 τοὺς
1043 2779 1191 2858 ὑπάτους

170 2886 235 2954 ἔτει
267 2891 415 2976 Σπόριος
449 2893 614 2976 Ταρπήιος
645 2889 701 2954 καὶ
729 2883 843 2966 Αὖλος
877 2892 1058 2975 Τερμήυιος
1086 2909 1190 2972 παρα·
1209 2906 1234 2946 ιι

90 2995 378 3079 ειιελαμβάνουσι
407 2997 468 3082 τήν
499 2993 617 3082 ἀρχήν·
648 2997 683 3061 οἳ
710 2996 750 3061 τά
779 2993 808 3074 τ’
833 2997 917 3061 ἀλλα
945 2994 1190 3080 θεραπεύοντες

243 3172 435 3242 6ηοιιι.ΑΒ
504 3171 590 3242 8τήν
609 3173 676 3226 ante
694 3170 777 3240 χάριν
796 3170 887 3226 οω.Β
954 3176 986 3223 11
1008 3169 1070 3224 οὕτε
1089 3166 1189 3239 μικρὸν

171 3241 234 3297 οάτε
252 3247 345 3314 μεῖζον
362 3245 387 3297 A
410 3242 473 3298 ου’τε
491 3246 584 3313 μεῖζον
603 3241 666 3297 οὔτε
685 3241 798 3298 ἔλαττον
816 3242 839 3295 Β
913 3247 945 3295 17
966 3241 1032 3296 οὐδὲ
1050 3241 1104 3311 γὰρ
1124 3237 1186 3295 οὐδ’

171 3315 189 3383 ή
215 3315 298 3384 βουλὴ
323 3312 356 3370 τὸ
381 3323 496 3385 πρᾶγμα
522 3332 544 3370 υ.
567 3314 699 3369 Gelenius
781 3318 815 3367 20
844 3315 909 3382 ροει
936 3315 1024 3382 δῆμος
1047 3316 1105 3366 tres
1130 3313 1189 3366 fere

170 3385 284 3510 litterze
311 3401 408 3440 erasae
436 3387 502 3440 sunt
581 3392 613 3440 21
641 3382 791 3451 ἀπέδειξαν
817 3384 839 3438 Β
917 3389 951 3437 24
976 3385 1041 3446 τοὺς
1066 3383 1189 3444 ὑπάτους

171 3473 225 3512 om.
