2656 3932
175 215 238 281 128
591 244 625 254 —
663 217 703 268 ιε
740 244 774 253 -

172 339 323 426 γενέσθω
346 343 522 426 τεκμήριον
545 339 681 424 [πάντες
703 341 736 406 οἱ
758 340 799 405 τά
816 341 913 406 κοινά
931 341 1151 426 διοικοῦντες]
1175 341 1195 408 ὃ

171 451 278 531 μόνον
300 443 373 513 οὐδ’
396 445 531 530 ἀγνοεῖν
552 443 678 525 ἔξεστιν
697 445 788 530 ὑμίν,
807 445 858 512 ὅτι
876 447 1063 532 φεύγουσιν
1081 445 1118 514 ίκ
1136 457 1280 533 τῆς2180

171 557 298 632 πόλεως
325 552 484 638 ὁσημέραι
512 555 748 631 καταλιπόντες
769 555 828 631 τάς
852 551 1006 642 πατρηίας
1029 553 1139 632 έστίας
1161 557 1196 621 ολ

171 660 379 747 χαριέστατοι
409 669 477 724 τῶν
508 659 704 743 δημοτικῶν,
732 660 765 726 οῑ
782 659 858 742 ,μὲν
889 662 937 738 είς
967 662 1026 738 τὰς
1057 666 1196 746 πλησιο-

141 789 153 828 ι
171 768 300 854 χώρους
329 769 441 844 πόλεις
464 766 530 848 ἅμα
552 763 684 850 γυναιξί
715 765 771 832 καί
792 765 921 844 τέκνοις
942 767 1196 852 μετατιθέμενοι

171 876 229 952 τὰς
259 875 417 960 οἰκήσεις,
447 873 480 938 ol
507 869 537 937 δ’
561 873 608 950 είς
635 874 713 949 τοὺς
740 878 897 940 πλεῖστον
926 871 1110 960 ἀπέχοντας
1136 885 1195 960 τῆς

171 983 298 1058 πόλεως
326 979 463 1067 ἀγρούς·
492 979 548 1044 καί
575 979 655 1046 οὐδὲ
681 990 749 1045 τῶν
776 981 958 1066 πατρικίων
988 981 1107 1047 πολλοί
1136 984 1196 1060 τάς

170 1084 241 1154 κατ’
260 1089 342 1154 ἀστυ
371 1095 546 1152 ποιοῦνται
569 1087 740 1172 διατριβάς
763 1087 807 1164 ὡς
829 1089 1004 1174 πρότερον,
1032 1087 1116 1154 ἀλλά
1138 1089 1196 1154 καί

170 1195 299 1262 τούτων
329 1196 362 1260 ol
390 1195 526 1270 πλείους
553 1194 612 1259 τὸν
639 1195 717 1276 βίον
744 1189 879 1278 ἔχουσιν
906 1191 944 1260 έν
971 1205 1041 1273 τοῖς
1069 1195 1194 1281 ἀγροίς.
1313 1243 1314 1282 ,

126 1274 226 1405 gual
252 1302 288 1366 τί
312 1301 366 1366 δεί
391 1301 469 1387 περί
495 1310 563 1366 τῶν
586 1301 696 1366 άλλων
720 1299 839 1385 λέγειν,
867 1301 922 1367 ὅτε
944 1302 1000 1368 καί
1022 1313 1090 1368 τῶν
1112 1306 1194 1386 βου·
1313 1285 1314 1326 ³

171 1413 299 1474 λευκῶν
326 1407 434 1492 ὀλίγοι
456 1405 518 1490 μέν
539 1429 627 1484 τινες
650 1407 683 1472 ολ
704 1409 787 1472 κατὰ
811 1405 1051 1494 συγγένειανῆ
1075 1413 1194 1494 φιλίαν
1313 1441 1314 1478 ι

170 1519 394 1600 προσήκοντες
425 1514 506 1598 ὑμίν
536 1512 764 1597 ὑπομένουσαι
795 1512 890 1592 ἐντὸς
918 1517 1062 1601 τείχους,
1095 1518 1127 1582 ολ
1157 1513 1189 1581 δ’
1313 1531 1314 1580 λ

170 1623 266 1687 ἀλλοι
283 1623 345 1706 τὴν
359 1620 498 1707 ἐρημίαν
511 1620 755 1706 ποθεινοτέραν
767 1621 929 1706 ἡγοῦνται
946 1633 1004 1708 της
1019 1623 1193 1708 πατρίδος;

171 1728 225 1792 ὅτε
254 1736 340 1812 γοῦν
368 1727 505 1812 ἐδέησεν
533 1726 614 1809 ὑμίν
643 1726 779 1793 καλέσαι
806 1729 868 1811 τὴν
895 1730 1033 1814 βουλήν,
1061 1727 1097 1796 έκ
1124 1741 1194 1796 τῶν

126 1854 152 1896 ιε
171 1832 284 1920 ἀγρῶν
306 1831 385 1901 καθ’
404 1834 463 1900 ἕνα
485 1834 685 1918 καλούμενοι
707 1839 892 1920 συνῆλθον,
916 1827 967 1914 οίς
989 1836 1129 1921 πάτριον
1149 1833 1193 1921 ἦν

171 1940 237 2022 ἅμα
265 1951 337 2019 ταῖς
364 1940 480 2027 ἀρχαίς
507 1942 563 2007 διά
590 1947 741 2026 φυλακῆς
768 1937 856 2026 ἔχειν
882 1943 944 2026 την
971 1944 1115 2028 πατρίδα
1136 1945 1193 2010 καί

130 2047 312 2132 6μηδενὸς
343 2048 585 2114 ἀπολείπεσθαι
615 2059 683 2114 τῶν
711 2059 844 2114 κοινῶν.
894 2044 947 2134 ἆρ’
968 2049 1032 2114 οὐν
1060 2049 1274 2134 τάγαθά2181

170 2155 358 2240 φεύγοντας
393 2155 644 2238 ὑπολαμβάνετε
676 2155 878 2241 ἀνθρώπους
910 2161 1103 2222 καταλιπεῖν
1134 2159 1193 2236 τὰς

170 2260 298 2328 ἑαυτῶν
324 2263 484 2348 πατρίδας
511 2262 532 2348 ἦ
560 2263 600 2328 τὰ
627 2263 724 2342 κακά;
751 2261 816 2346 ἐγὼ
847 2262 908 2346 μὲν
931 2263 995 2348 γάρ
1018 2263 1129 2348 οίομαι
1150 2267 1193 2330 τά

125 2389 152 2430 εο
169 2368 260 2435 κακά.
306 2371 413 2434 καίτοι
443 2371 534 2446 τίνος
561 2367 698 2438 ἔλαττον
726 2366 834 2436 οἴεσθ’
852 2363 939 2436 εἶναι
965 2371 1069 2436 κακὸν
1096 2374 1192 2436 πόλει
1313 2365 1314 2370 ’

169 2475 225 2540 καί
242 2483 346 2540 ταῦτα
363 2485 403 2562 τη
414 2473 590 2562 Ῥωμαίων,
607 2468 631 2568 ᾗ
649 2482 783 2544 πολλῶν
802 2479 934 2543 οἰκείων
950 2476 1002 2542 δεί
1020 2477 1191 2562 σωμάτων,

170 2581 200 2646 εἰ
222 2579 333 2664 μέλλει
355 2583 497 2664 βεβαίως
518 2581 674 2661 καθέξειν
696 2585 758 2669 τὴν
780 2594 848 2650 τῶν
865 2586 1056 2670 προσοίκων
1074 2583 1190 2671 ἀργήν,
1313 2575 1314 2636 3

169 2689 207 2753 τὸ
220 2690 478 2754 καταλείπεσθαι
491 2689 552 2772 μὲν
566 2689 632 2755 ὑπὸ
646 2701 714 2756 τῶν
728 2691 925 2776 δημοτικῶν,
935 2689 1145 2779 ἐρημοῦσθαι
1158 2688 1187 2755 δ’
1313 2713 1314 2738 ³

169 2793 235 2860 ὑπὸ
245 2805 313 2861 τῶν
322 2797 514 2880 πατρικίων,
522 2797 599 2861 οὔτε
609 2796 754 2879 πολέμου
766 2799 988 2883 κατασχόντος
997 2798 1102 2884 αὐτὴν
1113 2799 1190 2864 οὔτε
1313 2801 1314 2874 λ

125 2921 151 2962 ιε
169 2904 273 2968 νόσου
288 2906 436 2988 λοιμικῆς
451 2897 520 2967 οὔτ’
535 2903 635 2988 άλλης
648 2903 815 2990 θεηλάτου
831 2913 1006 2991 συμφοράς
1019 2906 1189 2988 οὐδεμιᾶς;

169 3114 233 3181 post
246 3111 350 3174 πάντες
362 3113 482 3167 inseruit
492 3113 635 3184 Kiessling
649 3132 675 3184 p.
688 3120 748 3182 127,
759 3119 806 3183 2ος
821 3116 924 3171 Reiske
938 3119 1003 3185 ροελ
1017 3119 1190 3180 διοικοῦντες
1313 3165 1314 3172 ,

170 3183 283 3251 supplet
308 3182 424 3253 οἴδαμεν
442 3187 471 3254 (!)
498 3185 559 3255 Ego
583 3185 669 3240 verba
695 3186 793 3242 delevi.
872 3194 887 3242 ἵ
910 3188 1007 3242 πολλοὶ
1033 3186 1096 3242 κατ’
1120 3187 1190 3243 ἀστυ

169 3263 318 3308 ποιοῦνται
335 3254 385 3317 τὰς
403 3255 549 3327 διατριβάς
567 3255 655 3312 Cobet
669 3256 734 3312 Obs.
748 3275 775 3326 p.
787 3263 839 3312 204
893 3265 910 3312 9
929 3258 944 3314 ἔ
961 3259 1052 3332 ουσιν]
1072 3258 1190 3330 ἀγουοιν

169 3341 191 3378 ο,
213 3324 384 3396 Grasberger
408 3327 508 3382 Philol.
529 3333 572 3395 28,
587 3333 639 3384 546
664 3328 709 3382 vel
734 3328 880 3398 διάγουσιν
902 3330 920 3384 l.
940 3279 960 3385 ἀ
984 3335 1026 3397 28,
1047 3335 1112 3398 848,
1137 3337 1189 3386 552

170 3401 203 3450 10
223 3393 266 3450 ὅτι
285 3396 307 3451 O
327 3395 371 3452 ὅτε
391 3397 513 3469 Sylburg
586 3406 619 3454 14
638 3397 684 3454 ὅτε
702 3399 755 3469 γὰρ
775 3416 798 3454 υ.
817 3401 935 3455 Hudson
963 3401 966 3474 Ι
993 3401 1044 3471 τὴν
1068 3419 1121 3456 om.
1141 3403 1190 3455 LV

169 3472 204 3520 20
218 3467 344 3522 κακοῦΟ
364 3467 454 3524 κακὸν
473 3469 560 3525 Cobet
575 3470 640 3526 Obs.
654 3489 681 3540 p.
693 3475 758 3538 2043
777 3471 812 3525 cf.
827 3471 935 3540 X14‚‘1
1002 3479 1035 3527 21
1055 3469 1084 3546 ᾗ]
1104 3471 1122 3543 ἢ
1141 3475 1191 3528 LV
1313 3513 1314 3516 =
