2662 3920
151 155 194 220 52
580 159 737 210 -I-

150 283 169 367 ἢ
202 286 279 371 περί
310 295 378 352 τῶν
409 282 447 350 ἐν
479 283 562 369 αὐτῇ
595 287 706 350 καλῶν
735 283 888 367 εὐψύχως
918 282 1172 368 ἀγωνιζομένοις

150 393 346 460 ἀποθανεῖν.
382 392 504 476 ταύτης
520 390 635 475 μέντοι
653 401 710 475 τῆς
726 395 828 474 καλῆς
842 393 958 478 πείρας
976 388 1047 456 οὔτ’
1069 391 1171 469 αὐτὸς

150 501 392 581 ἀπολείψεσθαι
409 497 484 585 ἔφη,
499 495 571 564 ἀλλ’
590 498 627 565 ἐν
642 499 702 564 ίσο
716 509 787 577 τοῖς
799 499 957 585 κράτιστα
971 498 1171 585 ἐρρωμένοις

149 610 266 696 παρὼν
284 607 514 692 ἀγωνιεῖσθαι,
526 607 610 672 οὔτε
628 617 696 672 τῶν
710 607 821 672 ἀλλων
834 609 910 673 τινά
923 605 1169 693 πρεσβυτέρων,
1180 623 1263 674 2062

119 709 200 794 εοῖς
223 715 314 783 ἐστιν
336 713 531 800 ἐλευθερίας
553 737 588 778 τε
611 714 666 780 καί
685 712 784 799 δόξης
805 715 936 800 ἀγαθῆς
959 716 1066 797 λόγος.
1120 769 1123 776 ,

220 821 370 889 XXVHL
389 820 445 899 Ὡς
472 822 510 887 ἀὲ
536 822 686 898 καὶτοῖς
714 821 826 899 ἀλλοις
854 822 956 886 ἅπασι
982 817 1074 886 ταῦτ’
1098 817 1171 886 ἐβό-

149 953 213 1014 κει,
242 931 298 996 καί
327 929 445 1006 οὐθείς
470 925 514 1013 ην
542 927 560 994 ὁ
587 928 748 994 τάναντία
774 926 871 1012 ἐρῶν,
900 930 934 994 οῖ
956 928 1022 1011 ’μὲν
1048 927 1171 992 ὕπατοι

149 1039 208 1103 τὸν
228 1035 338 1122 ’δῆμον
361 1037 408 1114 είς
431 1035 608 1121 ἐκκλησίαν
631 1035 847 1102 συνεκάλουν.
885 1037 1111 1112 συνελθόντος
1134 1030 1165 1098 δ’

149 1145 193 1222 ὡς
216 1143 270 1210 ἐπί
293 1154 420 1222 καινοῖς
436 1142 629 1225 Ιἀκούσμασι
651 1144 774 1220 παντὸς
797 1152 858 1208 τοῦ
880 1144 963 1208 κατὰ
984 1145 1047 1228 την
1069 1144 1168 1208 πόλιν

104 1270 129 1310 1⁰
147 1253 249 1336 όχλον
279 1252 459 1338 παρελθὼν
488 1251 614 1336 ἅτερος·
633 1261 701 1316 τῶν
730 1249 866 1314 ὑπάτων
897 1249 997 1326 Γάιος
1022 1247 1170 1336 Ὁράτιος

147 1358 299 1446 ἐπειρᾶτο
329 1359 462 1424 πείθειν
491 1360 571 1434 τοὺς
600 1353 798 1441 δημοτικοὺς
827 1355 963 1434 ἑκόντας
991 1356 1169 1439 ὑπομεῖναι

146 1468 202 1532 καί
237 1463 362 1550 ταύτην
402 1466 464 1549 την
505 1467 689 1550 στρατείαν.
748 1464 991 1550 ἀντιλεγόντων
1027 1463 1066 1529 δὲ
1101 1473 1168 1529 τῶν

147 1568 325 1659 δημάρχων
360 1573 416 1637 καί
451 1581 512 1637 τοῦ
549 1573 656 1656 δήμου
693 1571 915 1658 προσέχοντος
955 1572 1069 1649 αὐτοῖς
1109 1571 1169 1636 τὸν

106 1721 127 1785 2
147 1689 232 1746 νοῦν
254 1681 434 1765 παρελθὼν
456 1675 558 1744 πάλιν
581 1679 599 1746 ὁ
622 1679 748 1757 ὕπατος
769 1674 853 1746 είπε·
880 1681 997 1746 Καλὸν
1020 1678 1118 1762 <γ’>,
1142 1674 1167 1744 ὦ

102 1809 128 1849 15
150 1788 340 1873 Οὐεργίνιε,
376 1783 432 1852 καί
465 1788 664 1869 θαυμαστὸν
695 1783 796 1872 ἔργον
828 1785 1065 1872 ἐξειργάσασθε
1097 1787 1168 1850 δια-

147 1894 331 1972 σπάσαντες
363 1893 428 1962 ἀπὸ
461 1906 518 1980 τῆς
550 1898 674 1979 βουλῆς
704 1896 765 1960 τὸν
797 1895 916 1979 δῆμον·
949 1895 1004 1960 καί
1036 1895 1073 1960 τὸ
1106 1894 1167 1976 μὲν

146 1995 198 2085 ἐφ’
221 2001 302 2086 ὑμῖν
329 1995 416 2070 εἶναι
443 2001 541 2087 μέρος
571 1998 667 2067 πάντ’
687 2000 954 2085 ἀπολωλέκαμεν,
986 2001 1049 2066 ὅσα
1077 2003 1167 2086 παρὰ

145 2119 212 2174 τῶν
243 2101 422 2196 προγόνων
453 2091 701 2194 παραλαβόντες
731 2108 752 2192 ἢ
785 2117 855 2185 τοῖς
890 2105 1019 2175 ἑαυτῶν
1051 2111 1167 2185 πόνοις

105 2256 126 2319 3
145 2217 342 2300 κτησάμενοι
364 2216 566 2301 κατίσχομεν
586 2215 737 2300 [ἀγαθά].
774 2215 814 2280 οὐ
838 2217 904 2299 μην
926 2217 1020 2300 ἡμεῖς
1042 2215 1073 2300 γ’
1091 2215 1167 2282 ἀκο·

101 2345 126 2383 ω
145 2322 211 2387 νιτί
242 2325 461 2406 μαθησόμεθα
490 2324 614 2406 αὐτῶν,
651 2322 723 2388 ἀλλ’
749 2321 972 2406 ἀναλαβόντες
1008 2325 1049 2388 τὰ
1081 2323 1166 2389 ὅπλα

144 2430 225 2510 μετὰ
256 2426 331 2494 τῶν
355 2429 570 2511 βουλομένων
602 2431 767 2508 σώζεσθαι
797 2431 860 2514 την
890 2431 1034 2516 πατρίδα
1060 2435 1165 2517 χωρη-
1174 2445 1246 2495 2063

145 2551 247 2616 σομεν
270 2533 324 2600 ἐπί
346 2537 406 2601 τὸν
429 2536 548 2619 ἀγῶνα
565 2537 624 2612 τὰς
648 2536 778 2619 ἀγαθὰς
806 2539 1071 2622 προβαλλόμενοι
1098 2549 1165 2604 τῶν

145 2639 253 2728 ἔργων
284 2635 443 2719 ἐλπίδαςγ
465 2643 521 2707 καί
552 2642 584 2707 εί
613 2665 663 2719 τις
691 2643 755 2728 άρα
781 2645 863 2720 θεὸς
889 2642 1062 2710 ἐπισκοπεῖ
1087 2647 1166 2722 τοὺς

144 2751 266 2827 καλοὺς
292 2751 348 2818 καί
376 2750 526 2826 δικαίους
553 2749 698 2835 ἀγῶνας,
725 2750 780 2815 καί
806 2752 827 2834 ἡ
855 2752 916 2835 τὴν
938 2754 1039 2818 πόλιν
1065 2753 1164 2836 τήνδε

216 2949 230 2996 1
254 2942 285 2997 ἐν
309 2943 380 3014 αὐτῇ
402 2943 449 3000 vix
474 2959 544 2998 sana
568 2959 629 2998 εεεε
651 2944 838 3015 Kiesslingius
859 2949 967 3013 censet,
988 2945 1034 3013 ἐπ’Ι
1050 2949 1121 3020 αὐτῇ
1140 2965 1162 3002 ο.

143 3013 251 3082 Kayser
269 3016 341 3068 Ann.
361 3014 430 3082 phil.
447 3019 517 3070 1870
535 3033 562 3084 p.
579 3020 630 3069 723
655 3073 657 3078 ,
699 3021 714 3070 3
734 3016 935 3088 ἀπολήψεσθαι
953 3019 999 3072 Βε
1023 3018 1163 3076 ἀπολελεί-

142 3089 252 3154 ψεσθαι
270 3102 293 3140 ο.
308 3085 412 3140 Βείελῑε
433 3085 436 3157 Ι
458 3084 524 3158 ἔφη]
544 3087 579 3140 cf.
598 3087 837 3144 Effluet-What
854 3089 927 3145 Berl.
944 3090 1013 3160 phil.
1024 3091 1163 3146 Woehen-

143 3156 243 3244 eghrift
263 3161 331 3211 1892
350 3175 378 3226 p.
394 3163 508 3226 ῖλῖεηε.
569 3164 585 3218 8
604 3156 838 3256 σννελθόντ<οςγ
857 3161 905 3215 Bb
961 3169 993 3217 11
1013 3164 1163 3232 ὑπομεῖναι

142 3248 173 3282 το
196 3227 270 3282 κατὰ
291 3227 342 3298 τὴν
366 3227 513 3296 στρατείαν
531 3232 557 3284 Α
634 3236 668 3285 14
691 3228 788 3300 καλόν,
813 3257 835 3288 ω
856 3231 1002 3302 Οὐεργίνιε
1021 3233 1043 3287 Β
1067 3230 1153 3288 καλόν

145 3296 290 3368 Οὐεργίνιε
304 3299 330 3352 R
348 3299 434 3354 καλόν
453 3295 519 3370 γ’(ό
541 3299 687 3372 Οὐεργίνιε
707 3302 795 3357 Cobet
814 3303 878 3360 obs.
897 3310 993 3374 p.198
1062 3311 1095 3358 19
1114 3305 1162 3359 τά-

142 3369 222 3438 γαθὰ
240 3370 263 3422 Β
282 3371 381 3440 ἀγαθὰ
399 3373 425 3424 R
443 3371 603 3446 delendum¹
614 3389 675 3428 esse
693 3391 716 3426 ο.
732 3373 834 3430 Garrer
848 3373 912 3429 Obs.
932 3393 959 3443 p.
975 3381 1008 3430 62
1029 3376 1064 3430 cf.
1079 3375 1162 3430 Hert-

142 3439 199 3493 lein
217 3440 334 3496 Hermes
352 3441 444 3496 X420
520 3449 555 3497 24
574 3445 591 3512 ἡ
611 3444 691 3500 deest
709 3445 739 3498 in
758 3445 825 3502 edit.
840 3445 959 3502 Parisin.
