2662 3920
572 198 728 248 -ι-
1114 195 1157 259 43

51 342 129 393 2048
140 320 204 391 οὖν
231 335 299 390 τῶν
326 322 494 408 ὑμετέρων
519 322 615 388 ίδίων
638 319 830 406 ἀδικεῖσθαί
855 320 929 404 τιή
953 319 1161 403 βλάπτεσθαι

141 431 250 516 λέγετε
277 430 337 517 ὑφ’
360 431 462 514 ήμῶν,
489 430 530 494 τὰ
558 429 669 494 δίκαια
696 425 862 513 ὑφέξομεν
889 427 970 510 ὑμῖν
997 428 1079 493 κατὰ
1103 427 1161 502 τδις

140 539 328 622 ὁμολογίας·
353 539 383 602 εί
402 538 439 603 δέ
461 537 537 622 περί
560 535 762 602 Τυσκλάνων
781 533 1046 620 ἀναπραξόμενοι
1068 534 1162 610 δίκας

139 647 248 730 ήκετε,
272 645 389 720 οὐθείς
407 643 498 710 έστιν
516 643 597 727 ὑμῖν
617 644 702 728 πρὸς
724 629 781 726 ἐμὲ
803 643 880 729 περί
902 643 1031 708 τούτων
1055 643 1162 736 λόγος,

141 753 224 818 ἀλλὰ
251 753 335 838 πρὸς
361 752 485 834 ταύτην
513 755 640 816 λαλεῖτε
667 753 729 836 τήν
757 752 879 836 φηγόν·
913 747 1022 827 δείξας
1050 748 1163 824 αὐτοῖς
1194 768 1207 809 ι

140 883 215 924 τινα
237 861 380 944 πλησίον
402 867 601 944 πεφυκυῖαν.
1085 919 1087 922 .

211 964 329 1030 ΧΧΙΠ.
354 963 504 1046 Ῥωμαῖοι
531 965 569 1030 δέ
596 973 733 1030 τοιαῦτα
759 963 980 1050 ὑβρισθέντες
1006 962 1072 1028 ὑπὸ
1102 971 1161 1028 τοῦ

141 1070 265 1158 ἀνδρὸς
296 1073 358 1138 οὐκ
390 1073 496 1148 εὐθὺς
528 1071 610 1158 ὀργή
643 1070 876 1158 ἐπιτρέψαντες
908 1069 1070 1156 ἐξήγαγον
1102 1070 1163 1153 τήν

142 1180 309 1264 στρατιοίν,
344 1176 428 1244 ἀλλὰ
459 1179 515 1244 καί
547 1178 708 1265 δευτέραν
744 1179 789 1256 ὡς
825 1179 929 1243 αὐτὸν
966 1174 1163 1242 ἀπέστειλαν

142 1290 322 1373 πρεσβείαν
357 1287 413 1352 καὶ
449 1289 528 1362 τοὺς
568 1286 741 1370 Φητιάλεις
775 1283 1002 1367 καλουμένους
1039 1283 1163 1367 ἀνδρας
1182 1305 1208 1346 ιο

144 1396 242 1480 ἱερεῖς
274 1391 424 1476 ἔπεμψαν
456 1391 755 1477 ἐπιμαρτυρόμενοι
790 1392 894 1468 θεούς
929 1414 964 1456 τε
1001 1391 1057 1456 καί
1093 1391 1164 1456 δαί

142 1525 260 1584 μονας,
289 1501 340 1566 ότι
366 1501 409 1584 μή
438 1499 643 1584 δυνηθέντες
669 1511 737 1565 τῶν
765 1500 904 1566 δικαίων
930 1508 1044 1583 τυχεῖν
1069 1498 1164 1564 όσιον

59 1623 132 1675 ‘2049
143 1605 458 1690 ἀναγκασθήσονται
490 1609 635 1689 πόλεμον
667 1605 833 1692 ἐκφέρειν·
865 1605 920 1671 καί
952 1606 1032 1688 μετὰ
1061 1613 1165 1697 ταῦτα

143 1715 203 1780 τὸν
229 1713 358 1778 ὕπατον
386 1712 590 1780 ἀπέστειλαν.
636 1713 654 1779 ὁ
682 1715 720 1780 δὲ
749 1715 912 1800 Γράγχος,
942 1711 1055 1796 ἐπειδή
1086 1711 1204 1788 τοὺς2

140 1819 317 1903 Ῥωμαίους
339 1822 539 1906 προσιόντας
562 1817 697 1905 ἔμαθεν,
726 1819 914 1906 ἀναστήσας
936 1822 997 1906 τήν
1021 1819 1165 1901 δύναμιν
1183 1838 1208 1878 ιι

144 1927 248 2012 ἀπήγε
271 1927 483 2013 προσωτέρω,
511 1939 579 1993 τῶν
601 1931 768 2011 πολεμίων
791 1926 828 1993 ἐκ
853 1928 956 2004 ποδὸς
983 1925 1164 2010 ἑπομένων,

143 2038 347 2118 βουλόμενος
377 2035 500 2111 αὐτοὺς
529 2037 576 2112 εἰς
605 2045 742 2101 τοιαῦτα
771 2033 1024 2120 προαγαγέσθαι
1050 2036 1164 2118 χωρία,

142 2141 182 2208 ἐν
209 2134 259 2219 οἷς
284 2127 537 2226 πλεονεκτήσειν
561 2139 709 2224 ἔμελλεν·
738 2143 819 2226 ὅπερ
842 2142 898 2206 καί
921 2140 1055 2224 συνέβη.
1101 2164 1165 2224 φυ-

144 2247 243 2327 λοίξας
261 2249 325 2333 γὰρ
344 2249 480 2314 αὐλῶνα
498 2251 768 2334 περικλειόμενον
791 2249 915 2334 όρεσιν,
939 2247 983 2323 ὡς
1006 2245 1166 2329 ἐνέβαλον

145 2358 193 2433 εἰς
221 2364 342 2420 τοῦτον
372 2357 405 2420 οἱ
431 2353 582 2437 Ῥωμαῖοι
611 2355 787 2431 διώκοντες
817 2355 931 2438 αὐτόν,
962 2353 1166 2439 ὑποστρέφει
1183 2372 1209 2412 2⁰

145 2486 179 2528 τε
202 2462 257 2528 καί
281 2462 575 2548 στρατοπεδεύεται
598 2463 680 2526 κατδι
702 2463 764 2546 τήν
786 2459 823 2526 ἐκ
845 2469 905 2526 τοῦ
929 2461 1079 2537 αὐλῶνος
1105 2457 1164 2538 ἐξω

146 2570 318 2655 φέρουσαν
345 2567 434 2634 δδόν.
481 2567 517 2634 ἐκ
545 2569 583 2634 δὲ
609 2571 731 2634 τούτου
760 2571 976 2653 συνεβεβήκει
1002 2578 1072 2645 τοῖς
1092 2565 1205 2634 ‘Pan-3

145 2679 253 2758 μαίοις
281 2676 342 2761 οὐχ
371 2674 412 2740 ὃν
439 2673 620 2758 ἐβούλοντο
648 2674 845 2755 ἐκλέξασθαι
871 2679 976 2742 τόπον
999 2677 1046 2752 είς
1069 2692 1166 2759 στρα-

145 2785 330 2867 τοπεδείαν,
354 2779 426 2848 ἀλλ’
445 2782 485 2848 ὃν
508 2781 631 2850 έδωκεν
650 2785 763 2862 αὐτοῖς
782 2783 800 2849 δ
823 2786 951 2869 καιρός,
975 2780 1061 2849 ἔνθα
1084 2778 1161 2848 οὔθ’

147 2891 259 2966 ἵπποις
285 2889 381 2974 χιλὸν
409 2890 554 2976 εὔπορον
576 2888 620 2975 ήν
645 2891 837 2974 λαμβάνειν,
866 2891 958 2976 όρεσι
985 2894 1166 2976 περικλειο-
1184 2905 1210 2946 2⁶

218 3071 234 3119 3
254 3064 483 3134 ἀναπραξοίμενοι
497 3066 543 3120 Ba
592 3073 607 3120 5
627 3064 697 3135 πρὸς
710 3067 815 3135 ταύτην
829 3069 946 3120 λαλεῖτε·
967 3062 1058 3135 φηγὸν
1074 3063 1167 3129 δείξας

146 3137 249 3191 Reiske
277 3136 280 3208 l
309 3137 426 3205 ταυτηνί
448 3154 470 3191 ο.
491 3137 579 3192 Cobet
598 3137 662 3192 Obs.
682 3156 709 3207 p.
726 3143 777 3192 192
851 3136 1100 3210 6πεφ<υ>κυῑαν
1119 3135 1166 3188 Bb

148 3214 181 3262 10
207 3207 397 3332 φ<ρέτιάλεις
421 3208 444 3261 Β
475 3212 612 3278 φιτιαλεῑς
637 3209 663 3263 R
695 3210 729 3264 cf.
751 3209 791 3264 VI
814 3213 892 3275 89‚1
976 3213 1008 3262 11
1036 3207 1119 3276 ἱερεῖς
1141 3207 1167 3259 Α

147 3279 239 3348 ἱεροὺς
310 3278 313 3350 I
341 3278 634 3349 ἐπιμαρτυρόμενοιΑ
657 3279 966 3350 ἐπιμαρτυρούμενοιΒ
1036 3285 1069 3332 12
1089 3277 1166 3332 ὅσιον

147 3351 196 3404 καὶ
222 3347 334 3404 δίκαιον
360 3351 628 3420 ἀναγκασθήσονται
653 3352 833 3406 scribendum
859 3367 919 3405 esse
942 3367 964 3406 ο.
989 3349 1077 3404 Cobet
1101 3349 1166 3404 obs.

147 3439 174 3489 p.
192 3427 241 3475 192
262 3420 296 3474 cf.
311 3421 376 3475 VIII
391 3427 415 3488 2,
431 3427 446 3475 3
504 3430 536 3478 17
555 3423 788 3493 προσαγαγέσθαι
807 3423 829 3476 Ο
851 3419 1066 3492 προαγαγέσθαι
1084 3420 1167 3483 Hert-

147 3493 205 3547 lein
223 3488 645 3562 Hermesx420ef.1x2o‚I
720 3501 752 3550 ει
773 3494 804 3548 εκ
824 3493 917 3547 om.A
