2656 3932
574 208 729 258 -Ι-
1116 206 1158 272 89

139 331 273 408 άπειλάς
297 331 373 396 οὔτε
396 330 558 397 κίνδυνον
581 329 704 396 οόδένα
731 329 1018 416 ὑπολογιζόμενοι,
1045 329 1158 416 ἐπειδὴ

138 444 285 522 καθῆκεν
315 437 333 503 ὁ
363 447 423 503 τοῦ
453 437 583 522 άγῶνος
614 439 742 522 καιρός,
774 436 917 504 ἐκάλουν
947 439 1007 504 τὸν
1039 439 1158 523 δῆμον·

57 563 127 612 2121
137 541 181 629 ἦν
208 543 246 610 δὲ
273 547 474 631 παλαίτερον
501 541 549 610 ἐτι
576 545 811 630 συνερρυηκὸς
838 543 874 610 ἐκ
901 555 970 610 τῶν
997 545 1110 632 ἀγρῶν
1141 545 1158 612 ὁ

137 655 297 738 χερνήτης
322 652 378 717 καί
406 651 591 739 αὐτουργὸς
618 652 730 738 ὄχλος,
759 652 815 718 καί
841 654 1087 736 προσνεμηθείς
1113 665 1158 740 τῷ

137 760 219 824 κατά
242 759 341 824 πόλιν
363 761 425 844 τήν
447 781 483 824 τε
502 757 629 844 ἀγοράν
647 757 806 844 ἐνέπλησε
826 759 977 837 καὶτοὺς
995 758 1160 846 φέροντας
1191 781 1203 822 ε

138 867 185 943 είς
208 864 313 950 αὐτὴν
337 866 534 944 στενωπούς.

209 970 436 1038 XXXXVIHL
469 973 593 1059 Πρώτη
629 973 691 1056 μὲν
727 967 791 1039 οὖν
827 974 986 1058 εἰσῆλθεν
1020 974 1041 1058 ἡ
1078 975 1160 1040 κατὰ

134 1077 306 1162 Ῥοιμιλίου
333 1079 417 1164 δίκη.
462 1079 519 1146 καί
545 1080 726 1166 παρελθὼν
748 1079 767 1146 ό
790 1076 927 1160 Σίκκιος
954 1080 994 1146 τά
1018 1102 1054 1146 τε
1077 1081 1160 1146 άλῖα

138 1188 312 1273 κατηγόρει
344 1195 405 1252 τοῦ
438 1186 575 1272 ἀνδρός,
612 1187 674 1253 ὅσα
704 1184 881 1253 ὑπατεύων
912 1190 972 1275 βίη
1003 1189 1051 1265 είς
1081 1191 1160 1268 τοὺς

139 1293 328 1380 δημάρχους
350 1290 443 1372 ἐδοξε
466 1291 726 1378 διαπράξασθαι,
749 1293 805 1360 καί
827 1298 989 1360 τελευτῶν
1009 1297 1071 1381 τὴν
1091 1294 1160 1362 ἐπι·
1179 1317 1204 1357 ιο

138 1401 267 1484 βουλὴν
290 1397 411 1490 διεξῄει
433 1401 495 1485 τὴν
518 1397 572 1485 ἐφ’
595 1399 701 1490 ἐαυτῷ
724 1423 759 1466 τε
781 1400 837 1466 καί
859 1410 900 1486 τῇ
924 1403 1044 1489 σπείρᾳ
1066 1425 1160 1487 γενο-

139 1505 244 1590 μένην
266 1505 333 1572 ὑπὸ
356 1516 416 1573 τοῦ
440 1516 640 1593 στρατηγοῦ·
670 1509 727 1574 καί
749 1510 922 1594 παρείχετο
946 1508 1057 1575 αὐτῶν
1079 1509 1160 1595 μάρ-

138 1636 241 1698 τυρας
263 1615 342 1691 τοὺς
364 1612 647 1700 ἐπιφανεστάτους
668 1626 737 1681 τῶν
757 1614 1096 1702 συστρατευσαμένων
1119 1617 1159 1682 οὐ

139 1720 352 1804 δημοτικούς,
382 1721 465 1788 ἀλλά
491 1722 547 1788 καί
574 1724 779 1808 πατρικίους·
810 1721 848 1790 ἐν
875 1714 926 1800 οίς
953 1719 997 1808 ἧν
1026 1725 1160 1803 νεανίας

140 1828 202 1894 οὐκ
225 1826 356 1912 ἀφανὴς
379 1828 457 1894 οὔτε
478 1831 561 1895 κατά
583 1828 704 1914 γένους
726 1827 863 1908 ἀξίωσιν
886 1831 963 1896 οὔτε
989 1833 1073 1896 κατά
1098 1832 1160 1916 τὴν
1179 1850 1204 1892 ιε

141 1936 231 2001 ἰδίαν
261 1934 381 2022 άρετην
408 1935 464 2002 καί
490 1938 531 2002 τά
557 1936 697 2019 πολέμια
724 1936 814 2003 πάνυ
842 1936 982 2022 ἀγαθός·
1012 1940 1161 2024 Σπόριος
1250 1971 1252 2006 ι

142 2042 339 2128 Οὐεργίνιος
360 2038 403 2126 ἦν
426 2043 532 2126 δνομα
554 2045 653 2130 αὐτῷ.
694 2039 792 2121 οὗτος
815 2040 879 2129 ἔφη
903 2043 1047 2130 Μάρκον
1066 2041 1200 2110 ’lucz-2

138 2153 223 2232 λιον,
251 2146 327 2226 ἐνὸς
353 2160 421 2215 τῶν
444 2148 480 2216 ἐκ
506 2161 565 2235 τῆς
586 2153 727 2216 Σικκίου
752 2152 889 2237 σπείρας
915 2152 1002 2234 υἱόν,
1029 2152 1161 2235 ἡλικιώ-

138 2278 200 2339 την
227 2255 331 2320 αὐτοῦ
359 2257 415 2321 καί
442 2259 545 2341 φίλον
571 2257 786 2341 ἀπολυθῆναι
812 2266 870 2340 τῆς
897 2254 1015 2334 ἐξόδου
1038 2260 1158 2342 βουλη-

138 2364 228 2445 θείς,
251 2361 295 2440 ὡς
313 2361 369 2427 ἐπί
386 2363 539 2429 θάνατον
556 2362 686 2442 ἐξιόντα
704 2365 784 2447 μετὰ
802 2372 862 2430 τοῦ
885 2366 1022 2449 πατρός,
1043 2358 1161 2430 Αὖλον
1179 2385 1205 2426 ιο

58 2487 128 2536 2122
142 2469 342 2555 Οὐεργίνιον
373 2471 433 2535 τὸν
464 2469 585 2536 ἑαυτοῦ
616 2477 726 2555 θεῖον,
758 2473 966 2557 πρεσβευτὴν
996 2473 1070 2538 τότε
1102 2487 1161 2538 συ·

140 2578 411 2664 στρατευόμενον,
435 2576 664 2663 παρακαλέσας
686 2576 802 2644 ἐλθεῖν
825 2576 880 2644 ἐπί
902 2581 981 2656 τοὺς
1002 2576 1160 2663 ὑπάτους,

139 2681 241 2761 ἀξιῶν
264 2686 362 2769 σφίσι
384 2684 509 2769 ταύτην
531 2685 677 2770 δοθῆναι
699 2687 761 2770 τὴν
783 2685 894 2771 χάριν·
918 2685 1161 2770 ἀντιλεγόντων
1179 2686 1200 2751 3

140 2790 177 2856 δὲ
212 2800 280 2856 τῶν
316 2789 463 2876 ὑπάτου,
500 2790 606 2879 ἐαυτῷ
642 2793 705 2876 μὲν
740 2791 898 2859 ἐπελθεῖν
934 2793 1064 2878 δάκρυα
1099 2796 1161 2878 τὴν

139 2899 318 2983 συμφοράν
345 2900 458 2984 <την>
486 2909 546 2965 τοῦ
576 2898 710 2986 ἑταίρου
740 2899 1069 2988 προανακλαιομένρι,
1100 2901 1161 2966 τὸν
1179 2919 1204 2960 ει

140 3003 178 3069 δέ
200 3007 348 3089 νεανίαν,
370 3003 455 3090 ὑπὲρ
479 3001 520 3072 οὗ
543 3008 601 3084 τὰς
622 3007 750 3092 δεήσεις
768 3005 925 3092 ἐποιεῖτο,
947 3006 1161 3090 πεπυσμένον

140 3119 242 3176 ταῦτα
269 3110 385 3178 ἐλθεῖν
411 3113 466 3178 καί
494 3115 596 3197 λόγον
623 3113 844 3198 αἰτησάμενον
868 3116 985 3198 εἰπεῖν,
1013 3115 1064 3181 ὅτι
1091 3126 1160 3194 τοῖς

212 3256 228 3306 2
247 3249 345 3320 καιρὸς
358 3253 384 3306 A
402 3249 539 3323 χρόνοςΒ
596 3259 629 3308 13
649 3251 986 3324 συστρατευσαμένονΒ
1038 3261 1072 3310 14
1091 3257 1161 3312 ἀλλὰ

140 3321 190 3376 καί
208 3325 301 3377 οιεῖοίι
318 3324 349 3378 in
366 3326 392 3378 A
410 3327 440 3380 οι
457 3323 480 3378 Β
555 3330 588 3380 18
608 3322 699 3380 σικίου
717 3325 740 3378 Β
814 3330 848 3380 20
867 3322 989 3398 ἐξιόντα]
1013 3327 1117 3394 άξοττα
1135 3329 1160 3382 Α

140 3400 174 3448 25
195 3393 342 3463 συμφοράν
359 3404 410 3451 τοῦ
429 3393 542 3465 ἑταίρου
555 3396 608 3451 ΑΒ
628 3412 652 3451 ο.
670 3396 722 3467 τὴν
740 3394 891 3465 ἐταίρουΒ
911 3412 935 3452 σ.
949 3397 1001 3468 τὴν
1018 3407 1068 3454 τοῦ
1087 3397 1160 3454 ἑταί-

139 3485 191 3535 ρου
210 3465 320 3536 Krflger
337 3465 424 3522 ludex
437 3486 477 3537 gr.
493 3485 534 3538 gr.
550 3473 602 3523 263
