2668 3922
576 217 610 225 -
648 189 688 238 113
727 217 760 224 -
1114 189 1179 254 215

159 316 339 400 Μηνυκίου
363 315 537 398 κατηγόρει
558 313 641 397 πρὸς
659 313 719 377 τὸν
738 313 854 396 δῆμον,
873 313 917 389 ὡς
936 313 1041 396 ὀνομα
1060 313 1181 400 φέρον-

158 445 214 499 τος
243 421 345 506 ἀρχῆς
372 422 489 503 μόνον,
517 417 617 509 ἔργον
641 419 679 484 δέ
702 419 804 486 οὐδὲν
827 417 1088 504 ἀποδειξαμένου
1112 432 1181 500 τοῖς

157 523 298 614 πένησιν
321 526 500 612 ὠφέλιμον,
523 528 630 594 πολλά
653 526 691 592 δὲ
713 529 791 605 τοὺς
814 529 1009 612 πατρικίους
1029 527 1181 610 διέβαλλε

157 637 240 720 πρὸς
269 637 329 704 τὸν
359 635 477 719 δῆμον,
507 634 552 711 ὡς
578 642 682 700 ταῦτα
708 633 914 718 πράττοντας
935 632 969 712 ἐξ
993 629 1041 701 ὧν
1064 634 1180 718 ὀλίγον

157 743 270 808 τεκαὶ
293 741 433 819 οὐδενὸς
455 738 546 819 άξιος
569 739 587 806 ὀ
611 741 714 824 δῆμος
737 737 828 805 ἔσται
850 741 906 806 καί
929 741 1004 807 οὐδ’
1021 740 1075 806 ἐπὶ
1094 759 1181 808 σιτο-
1213 762 1225 804 τ

157 851 231 937 δείηι
263 850 428 936 φροντίδα
460 858 528 913 τῶν
560 847 696 933 ἀπόρων
733 843 869 932 ἔχοντας
901 847 1071 933 οὐδεμίαν,
1104 851 1181 914 οὔτε

156 965 252 1042 κοινῇ
271 956 398 1034 πάντας
416 956 493 1022 οὔτε
513 955 583 1042 ἰδίη
600 958 680 1032 τοὺς
698 954 878 1038 δυνατούς,
899 958 1023 1034 παντὸς
1041 957 1181 1039 μάλιστα

157 1063 236 1130 δέον
259 1063 382 1154 αὐτοὺς
401 1065 550 1148 χρήμασί
572 1061 685 1128 τεκαὶ
709 1063 858 1144 σώμασιν
881 1063 993 1149 ὥσπερ
1016 1063 1116 1141 αὐτὸς
1139 1065 1180 1148 δὴ

156 1177 364 1239 κακοπαθεῖν
396 1169 456 1235 καί
492 1169 663 1241 πάντοθεν
700 1167 888 1252 ἐπεισάγειν
924 1179 964 1256 τῇ
996 1172 1091 1236 πόλει
1122 1172 1181 1248 τάς

157 1277 288 1368 ἀγοράς.
324 1275 420 1360 ἠξίου
443 1299 478 1342 τε
501 1276 647 1361 πρὸςτά
670 1285 737 1340 τῶν
761 1273 876 1342 ἀλλονΙ
895 1273 983 1361 ἔργα4
998 1280 1181 1362 πατρικίων

156 1384 198 1448 τά
219 1383 279 1468 ὑφ’
301 1382 422 1449 ἑαυτοῦ
452 1385 661 1471 πραττόμενα
690 1381 860 1467 ἐξετάζειν,
886 1383 932 1460 ὡς
955 1386 1041 1449 πολὺ
1064 1384 1180 1450 καὶτὸ

157 1499 225 1554 πᾶν
248 1489 401 1574 ἀλλήλοιν
424 1489 636 1575 διαφέροντα.
678 1488 826 1568 ἐκείνους
848 1489 997 1574 μὲνγὰρ
1021 1490 1122 1556 οὐδὲν
1145 1490 1181 1556 ἐκ

156 1607 224 1662 τῶν
258 1597 354 1663 ῖδίοιν
386 1599 433 1674 είς
464 1599 501 1663 ’τὸ
534 1597 650 1664 κοινὸν
683 1593 924 1674 ἀναλίσκοντας
955 1594 1003 1662 ἔτι
1032 1598 1088 1663 καὶ
1119 1599 1181 1682 τὴν

157 1704 322 1788 δημοσίαν
343 1714 409 1788 γῆν
431 1703 732 1790 σφετερισαμένους
755 1708 864 1771 πολὺν
884 1705 948 1788 ἤδη
966 1712 1181 1790 καρποῦσθαι

156 1809 435 1896 χρόνον,’ἐαυτὸν
458 1811 496 1878 δέ
518 1821 586 1896 τῶν
609 1812 779 1896 δημοσίων
802 1811 904 1878 οὐδὲν
923 1809 1041 1896 ἔχοντα
1059 1809 1108 1878 ἔτι
1125 1815 1181 1884 καὶ
1200 1832 1226 1874 ιι

156 1919 218 2002 τὴν
249 1919 406 2006 πατρῴαν
435 1929 674 2004 καταχορηγεῖν
704 1919 899 1994 οὐσίανιείς
926 1921 1090 2002 βοήθειαν
1112 1932 1182 1986 τῶν

157 2021 293 2110 ἀπόρων
316 2027 386 2110 καί,
409 2023 546 2092 ἐπειδάν
568 2028 609 2091 τά
629 2027 711 2091 ὄντα
729 2024 960 2112 καταυαλάιση,
979 2025 1182 2108 δανείσματα

1201 1251 1219 1314 ’ί

1199 1341 1226 1380 10

156 2139 328 2198 ποιεῖσθαι
350 2134 440 2217 παρὰ
463 2135 573 2218 φίλων
596 2132 703 2198 οὐθὲν
724 2128 1105 2212 ἀντικαταλλαττόμενου
1123 2143 1181 2216 τῆς

156 2239 310 2322 τοιαύτης
333 2241 522 2324 φιλοτιμίας
545 2239 596 2304 ὀτι
618 2241 662 2322 μὴ
685 2239 747 2321 τὴν
771 2235 945 2320 πολιτικὴν
968 2237 1114 2322 εὔνοιαν,
1142 2236 1181 2324 ἧς

156 2345 237 2412 οὐδὲ
267 2346 326 2409 τὸυ
356 2343 390 2422 ἐξ
414 2344 610 2430 ἀνθρώπιονΙ
628 2349 776 2409 πλοῦτον
797 2344 956 2427 ἡγεῖσθαι
977 2345 1180 2431 τιμιώτερον.
1199 2368 1226 2408 ιο

156 2455 189 2518 ολ
219 2451 257 2518 δὲ
286 2451 363 2536 περὶ
393 2451 496 2522 αὐτὸν
524 2461 727 2529 συνεστῶτες
750 2449 801 2516 ἀεὶ
824 2458 956 2536 σωτῆρα
978 2451 1034 2516 καί
1056 2452 1181 2539 πατέρα
1200 2454 1220 2519 8

155 2560 211 2628 καῖ
233 2560 371 2643 κτίστην
394 2558 583 2625 ἀπεκάλουν
605 2567 663 2642 τῆς
685 2557 845 2643 πατρίδος
864 2557 920 2623 καὶ
938 2559 1000 2643 την
1017 2558 1079 2642 μὲν
1094 2559 1180 2626 Ιὑπα-

155 2668 251 2752 τικὴν
274 2663 429 2744 ἐξουσίαν
452 2663 611 2736 ἐλάττονα
633 2665 732 2750 χάριν
748 2664 770 2749 ἢ
788 2665 870 2730 κατά
893 2666 930 2730 τὸ
952 2665 1094 2749 μέγεθος
1113 2678 1181 2732 τῶν

160 2849 162 2858 .
229 2803 409 2864 1Μινυκίου
426 2805 488 2858 Εεο.
507 2805 581 2860 Prou
647 2811 730 2876 2τῆς
748 2805 835 2875 ἀρχῆς
854 2804 1018 2860 dubitanter
1036 2806 1180 2876 Kies'sh'ng

157 2884 284 2932 λιαοτα
305 2878 367 2932 Euo.
393 2885 510 2932 τοιαῦτα
533 2893 555 2932 ο.
577 2877 686 2946 Kayser
708 2877 802 2931 Fleek.
824 2877 1152 2946 Ann.18‘10(101)726
1174 2879 1177 2950 Ι

156 2947 323 3015 πράττοντες
347 2950 409 3004 Εεο.
441 2948 444 3020 λ
474 2945 603 3017 *ὀλίγους
625 2949 687 3003 Εεο.
714 2945 807 3017 ὀλίγος
828 2948 919 3002 Peder
944 2945 1039 3016 ὀλίγου
1061 2967 1112 3002 του
1130 2949 1179 3002 καὶ

156 3019 285 3074 Hertlein
302 3021 397 3090 Progr.
415 3020 573 3074 Werbheim
592 3025 670 3087 1873,
690 3024 706 3073 8
734 3017 828 3088 ὀλίγου
846 3019 943 3073 τεκαὶ
966 3035 1018 3088 ego
1043 3019 1078 3073 ef.
1097 3019 1179 3074 Plato

157 3091 238 3159 Apol.
254 3091 327 3146 23A
391 3099 405 3146 ‘1
424 3088 542 3163 παντὸς]
561 3089 676 3145 πάντων
695 3107 718 3145 ο.
735 3090 837 3146 Mffller
904 3096 937 3143 14
955 3090 1056 3162 πολὺν]
1075 3090 1179 3160 πολλὴν

156 3162 218 3220 Εεο.
280 3168 313 3216 15
331 3163 382 3232 τὴν
401 3161 539 3232 δημοσίαν
557 3163 619 3216 Esc.
681 3168 714 3216 16
733 3169 943 3232 καταχορηγεῖν
961 3161 1023 3215 Εεο.
1079 3167 1113 3216 18
1132 3164 1180 3217 οό-

157 3232 211 3287 θὲν
236 3233 298 3288 Εοο.
325 3233 408 3288 οόδέν
433 3233 577 3304 Kiessling
649 3238 683 3287 20
706 3233 784 3304 ουδὲ]
811 3234 844 3287 οῖ
868 3235 929 3287 δεῖν
954 3232 1063 3302 Kayser
1081 3233 1178 3289 Fleck.

158 3307 315 3358 Ann.1870
334 3307 407 3374 (101)
428 3311 479 3360 726
501 3305 504 3378 χ
525 3305 554 3371 ἐξ
572 3305 734 3372 ἀνθρώπων
752 3305 813 3359 Εεο.
834 3303 1019 3372 ἐξάνθροιπον
1038 3305 1180 3374 Kiessling

127 3417 130 3422 -
158 3377 192 3431 cf.
212 3375 300 3430 Cobet
319 3375 383 3430 Obs.
402 3393 430 3446 p.
446 3382 497 3430 213
576 3383 609 3432 22
635 3375 795 3430 ἀπεκάλουν
819 3376 880 3429 Εεο.
908 3374 1061 3432 ἐπεκάλουν
1084 3376 1180 3431 Naber

157 3448 259 3503 Mnem.
275 3451 318 3514 30,
334 3452 385 3502 258
458 3453 492 3502 23
512 3447 651 3503 ἐλάττονα
670 3448 731 3501 Εεο.
