2662 3920
584 205 738 254 -Ι-
1124 201 1166 266 67

149 331 205 397 καί
228 331 287 407 τὰς
304 332 439 415 ψήφους
457 327 670 394 ἀναδῶσουσι
687 327 763 413 περί
782 338 849 392 τῶν
867 329 992 410 νόμων·
1016 324 1168 397 ἐπιστάν,-

149 461 205 514 τος
228 436 266 503 δέ
287 445 348 502 τοῦ
370 437 495 522 χρόνον
519 445 653 521 πρῶτον
670 434 846 520 εἰσέφερον
863 435 923 501 τὸν
941 435 1169 520 χωρονομικὸν

149 548 255 627 νόμον
282 543 337 609 καί
365 545 510 620 πολλούς
534 543 727 619 διελθόντες
749 544 870 626 λόγους
892 539 1045 626 ἐκάλουν,
1068 540 1170 618 εἴτις

139 662 195 740 τῷ
218 654 309 738 νόμφ
333 651 574 736 συναγορεύειν
596 650 752 734 βούλεται
770 659 837 714 τῶν
856 649 1050 732 δημοτικῶν.
1090 648 1208 713 πολ-2

143 764 219 825 7λῶν
242 759 280 824 δὲ
302 759 493 843 παριόντων
514 758 571 824 καί
592 758 651 834 τὰς
673 755 802 822 έαυτῶν
822 755 969 841 πράξεις,
988 754 1027 832 ἀς
1045 753 1082 821 ἐν
1099 765 1170 833 τοῖς
1201 775 1214 816 ι

150 865 306 949 πολέμοις
329 863 558 949 ἀπεδείξαντο,
583 863 845 951 προφερομένων
866 863 923 930 καί
945 862 1170 946 ἀγανακτούν-

149 997 228 1058 των,
251 973 303 1039 ὅτι
325 973 453 1057 πολλήν
477 971 677 1057 ἀφελόμενοι
699 981 764 1055 γήν
781 974 860 1048 τοὺς
878 972 1057 1052 πολεμίους
1075 969 1170 1036 αὐτοὶ

150 1081 211 1163 μὲν
241 1080 402 1162 οὐδεμίαν
432 1080 589 1164 εἰλήφασι
617 1087 749 1164 μοῖραν,
776 1079 854 1154 τοὺς
882 1076 919 1142 δὲ
945 1080 1088 1162 χρήμασι
1114 1077 1170 1142 καί

151 1189 263 1272 φίλοις
292 1187 458 1263 δυνατούς
485 1184 781 1271 ἑσφετερισμένους
807 1183 910 1270 δρῶσι
935 1185 975 1249 τά
996 1185 1093 1250 κοινὰ
1115 1185 1171 1250 καί

67 1313 141 1363 2086
150 1293 403 1380 καρπουμένους
439 1292 475 1359 ἐκ
511 1301 571 1358 τοῦ
606 1291 812 1375 βιαιοτάτου,
845 1289 1029 1368 ἀξιούντων
1059 1314 1095 1356 τε
1125 1292 1169 1376 μή
1189 1312 1215 1350 ιο

150 1404 256 1484 μόνον
286 1405 365 1478 τοὺς
391 1399 573 1476 κινδύνους
600 1393 686 1466 εἶναι
710 1410 756 1485 τῷ
780 1399 872 1486 δήμφ
895 1400 973 1476 τοὺς
996 1397 1080 1484 ὑπὲρ
1103 1409 1171 1464 τῶν

150 1518 274 1574 κοινῶν
311 1507 452 1591 ἀγαθῶν
487 1507 637 1590 κοινούς,
674 1505 757 1571 ἀλλά
792 1506 848 1570 καί
883 1507 942 1583 τάς
973 1503 1028 1570 ἀπ’
1060 1505 1171 1572 αὐτῶν

150 1613 275 1698 ήδονάς
305 1637 341 1678 τε
372 1614 428 1680 καὶ
460 1615 636 1699 ὠφελείας,
665 1613 721 1680 καί
750 1621 810 1678 τοῦ
840 1616 993 1698 πλήθους
1022 1610 1171 1696 ἀσμένως

152 1720 333 1798 ἀκούοντος
368 1723 447 1798 τοὺς
483 1723 619 1806 λόγους,
660 1719 678 1786 ὁ
714 1719 855 1803 μάλιστα
891 1718 1077 1806 ἐπιρρώσας
1111 1721 1171 1786 τὸν

152 1828 259 1912 δήμου
287 1828 343 1894 καί
372 1828 456 1913 μηδὲ
486 1829 604 1914 φωνήν
631 1827 812 1911 ὑπομένειν
839 1838 907 1893 τῶν
929 1826 1172 1912 ἀντιλεγόντων
1190 1847 1216 1888 ιι

152 1933 413 2021 διαπραξάμενος
430 1931 474 2020 ήν
487 1935 629 2013 Λεύκιος
642 1937 794 2018 Σίκκιος,
812 1933 980 2011 Δεντάτος
998 1932 1172 2000 ἐπικαλού-

150 2063 264 2126 μενος,
284 2045 409 2120 πολλάς
431 2043 520 2108 πάνυ
544 2042 600 2108 καί
622 2042 765 2126 μεγάλας
788 2039 908 2106 ἑαυτοῦ
932 2038 1065 2126 πράξεις
1088 2039 1172 2118 διεξ-

151 2149 272 2214 ελθών.
328 2147 371 2234 ἦν
403 2149 435 2214 δ’
466 2149 620 2234 ὀφδήναί
654 2171 689 2212 τε
728 2149 923 2229 θαυμαστὸς
952 2146 969 2212 ὁ
1000 2146 1085 2232 ἀνήρ
1117 2148 1210 2212 καλ3

149 2257 279 2340 ήλικίας
298 2254 335 2322 έν
353 2267 398 2342 τῷ
417 2258 580 2342 κρατίστῳ
599 2255 695 2320 δυείν
714 2254 833 2319 δέοντα
851 2251 1009 2337 ἑξήκοντα
1026 2255 1172 2338 γεγονὼς

151 2359 207 2446 ἔτη
231 2362 287 2427 καί
310 2372 478 2448 φρονῆσαι
499 2363 540 2426 τά
564 2360 683 2426 δέοντα
704 2361 817 2437 ἱκανὸς
834 2361 940 2426 εἰπεῖν
958 2383 993 2425 τε
1012 2361 1056 2438 ὡς
1074 2377 1172 2448 στρα-
1189 2384 1216 2424 ιο

151 2471 268 2554 τιωτης
299 2469 361 2534 οὐκ
391 2468 563 2545 ἀδύνατος.
609 2465 673 2552 ἔφη
702 2464 733 2532 δ’
760 2462 824 2533 οὖν
851 2468 1043 2554 παρελθών·
1076 2468 1172 2554 Ἐγώ,

151 2572 177 2641 ὦ
197 2577 351 2661 δημόται,
371 2572 450 2641 καθ’
470 2574 608 2640 ἕκαστον
631 2571 732 2660 ἔργον
754 2585 822 2640 τῶν
840 2572 913 2658 έμοί
931 2576 1172 2661 πεπραγμένων

151 2684 181 2748 εί
213 2685 399 2768 βουλοίμην
433 2682 553 2766 λέγειν,
590 2680 735 2748 ἐπιλίποι
767 2683 810 2748 ἀν
840 2703 880 2764 με
912 2681 930 2748 ὁ
961 2693 1020 2768 τής
1049 2683 1173 2768 ήμέρας

151 2791 279 2876 χρόνος.
326 2789 409 2856 αὐτὰ
439 2789 477 2855 δέ
505 2791 545 2854 τά
574 2789 737 2880 κεφάλαια
765 2785 809 2854 δι’
832 2787 1012 2874 ἐλαχίστων
1040 2790 1085 2866 ως
1111 2788 1171 2874 έμή

72 2915 141 2964 2087
152 2897 293 2981 δύναμις
315 2895 388 2983 έρῶ.
430 2897 689 2982 τετταρακοστὸν
711 2893 814 2979 μέν”
796 2919 868 2974 ετος
891 2895 963 2962 ἐστί
983 2920 1040 2981 μοι
1062 2872 1216 3027 τοῦτο’,45

152 3001 185 3082 ἐξ
216 2999 256 3069 οὗ
287 3004 506 3090 στρατεύομαι
533 3003 609 3090 περι
636 3013 694 3088 τής
720 3004 894 3089 πατρίδος,
917 3004 1114 3090 τριακοστον
1137 3000 1167 3068 δ

224 3186 239 3233 2
258 3200 315 3250 γαρ
300 3175 462 3251 ρονομικδν]
478 3179 514 3233 cf
525 3178 654 3234 Gsstzelor
667 3179 930 3234 Animadversiones
944 3179 970 3232 Π
984 3183 1017 3232 29
1071 3185 1104 3233 13
1122 3179 1171 3234 ἀο-

152 3247 238 3320 μένου
265 3250 351 3305 ειοΙίε
380 3268 402 3304 ο.
425 3249 527 3305 Garrer
555 3249 662 3320 Obs.p
664 3256 720 3304 28
792 3256 825 3305 21
853 3249 905 3319 ἐγὼ
932 3245 1011 3304 δέά
1031 3252 1057 3304 A
1085 3250 1149 3305 δέ’
1141 3269 1172 3305 1n

152 3339 180 3374 m
182 3322 253 3391 geB
327 3328 360 3376 22
379 3317 485 3376 wast*
473 3341 503 3376 εν
522 3320 640 3376 ἕκαστον
642 3269 782 3391 PSylburg
853 3327 888 3374 24
911 3341 942 3375 κε
944 3321 1106 3406 φάλ<αι>α
1124 3321 1170 3376 Bb

153 3399 190 3517 2η
182 3340 264 3516 ΒμὲῙυ
275 3393 340 3448 εδδ.
359 3393 382 3446 Β
456 3399 489 3448 26
513 3393 577 3461 περὶ
593 3393 646 3447 ΑΒ
665 3392 735 3462 ὑπὲρ
751 3393 777 3447 R
800 3392 834 3447 ef.
854 3379 943 3446 Krebs
965 3392 1171 3462 Prapositions-

153 3480 215 3518 ιιι
256 3470 291 3518 34

975 3572 1010 3624 ὁ*
