<?xml version="1.0" encoding="UTF-8"?>
<!DOCTYPE html PUBLIC "-//W3C//DTD XHTML 1.0 Transitional//EN"
    "http://www.w3.org/TR/xhtml1/DTD/xhtml1-transitional.dtd">
<html xmlns="http://www.w3.org/1999/xhtml" xml:lang="en" lang="en">
 <head>
  <title>
</title>
<meta http-equiv="Content-Type" content="text/html;charset=utf-8" />
  <meta name='ocr-system' content='tesseract 3.04.00' />
  <meta name='ocr-capabilities' content='ocr_page ocr_carea ocr_par ocr_line ocrx_word'/>
</head>
<body>
  <div class='ocr_page' id='page_1' title='image "./dionysihalicarn06diongoog_0348.png"; bbox 0 0 2654 3916; ppageno 0'>
   <div class='ocr_carea' id='block_1_1' title="bbox 126 203 1188 947">
    <p class='ocr_par' dir='ltr' id='par_1_1' title="bbox 167 203 762 269">
     <span class='ocr_line' id='line_1_1' title="bbox 167 203 762 269; baseline -0.003 0"><span class='ocrx_word' id='word_1_1' title='bbox 167 203 233 269; x_wconf 84' lang='lat'><em>320</em></span> <span class='ocrx_word' id='word_1_2' title='bbox 594 230 627 239; x_wconf 94' lang='lat'><em>-</em></span> <span class='ocrx_word' id='word_1_3' title='bbox 665 203 694 256; x_wconf 82' lang='grc' dir='ltr'><strong><em>Κ</em></strong></span> <span class='ocrx_word' id='word_1_4' title='bbox 728 230 762 238; x_wconf 91' lang='grc'>-</span> 
     </span>
    </p>

    <p class='ocr_par' dir='ltr' id='par_1_2' title="bbox 167 323 1188 413">
     <span class='ocr_line' id='line_1_2' title="bbox 167 323 1188 413; baseline -0.002 -19"><span class='ocrx_word' id='word_1_5' title='bbox 167 331 264 412; x_wconf 86' lang='grc' dir='ltr'><em>μίους</em></span> <span class='ocrx_word' id='word_1_6' title='bbox 297 326 485 413; x_wconf 79' lang='grc' dir='ltr'><em>ἐτρέψαντο.</em></span> <span class='ocrx_word' id='word_1_7' title='bbox 539 327 735 413; x_wconf 74' lang='grc' dir='ltr'><strong><em>προιδόντες</em></strong></span> <span class='ocrx_word' id='word_1_8' title='bbox 765 325 804 391; x_wconf 76' lang='grc' dir='ltr'><em>δέ</em></span> <span class='ocrx_word' id='word_1_9' title='bbox 835 325 947 392; x_wconf 77' lang='grc' dir='ltr'><em>αὐτόν</em></span> <span class='ocrx_word' id='word_1_10' title='bbox 979 327 1011 391; x_wconf 86' lang='grc' dir='ltr'><em>οί</em></span> <span class='ocrx_word' id='word_1_11' title='bbox 1036 323 1188 409; x_wconf 78' lang='grc' dir='ltr'><em>Ῥωμαίων</em></span> 
     </span>
    </p>

    <p class='ocr_par' dir='ltr' id='par_1_3' title="bbox 126 431 1188 625">
     <span class='ocr_line' id='line_1_3' title="bbox 166 431 1188 521; baseline -0.003 -20"><span class='ocrx_word' id='word_1_12' title='bbox 166 436 229 520; x_wconf 77' lang='grc' dir='ltr'><em>τὴν</em></span> <span class='ocrx_word' id='word_1_13' title='bbox 251 431 378 521; x_wconf 81' lang='grc' dir='ltr'><em>ἔφοδον</em></span> <span class='ocrx_word' id='word_1_14' title='bbox 400 436 449 512; x_wconf 82' lang='grc' dir='ltr'><em>είς</em></span> <span class='ocrx_word' id='word_1_15' title='bbox 470 433 602 519; x_wconf 74' lang='grc' dir='ltr'><em>ὑψηλόν</em></span> <span class='ocrx_word' id='word_1_16' title='bbox 624 457 657 498; x_wconf 92' lang='grc' dir='ltr'><em>τι</em></span> <span class='ocrx_word' id='word_1_17' title='bbox 678 432 734 499; x_wconf 82' lang='grc' dir='ltr'><em>καί</em></span> <span class='ocrx_word' id='word_1_18' title='bbox 756 432 874 498; x_wconf 90' lang='grc' dir='ltr'><em>λάσιον</em></span> <span class='ocrx_word' id='word_1_19' title='bbox 896 434 1020 518; x_wconf 90' lang='grc' dir='ltr'><em>χωρίον</em></span> <span class='ocrx_word' id='word_1_20' title='bbox 1043 432 1188 519; x_wconf 91' lang='grc' dir='ltr'><em>ἀναδρα-</em></span> 
     </span>
     <span class='ocr_line' id='line_1_4' title="bbox 126 532 1188 625; baseline -0.001 -18"><span class='ocrx_word' id='word_1_21' title='bbox 126 543 284 625; x_wconf 89' lang='grc' dir='ltr'><em>6μόντες</em></span> <span class='ocrx_word' id='word_1_22' title='bbox 311 543 358 620; x_wconf 87' lang='grc' dir='ltr'><em>είς</em></span> <span class='ocrx_word' id='word_1_23' title='bbox 385 539 479 619; x_wconf 81' lang='grc' dir='ltr'><em>τάξιν</em></span> <span class='ocrx_word' id='word_1_24' title='bbox 505 543 718 606; x_wconf 89' lang='grc' dir='ltr'><em>καθίσταντο.</em></span> <span class='ocrx_word' id='word_1_25' title='bbox 768 540 801 604; x_wconf 88' lang='grc' dir='ltr'><em>ολ</em></span> <span class='ocrx_word' id='word_1_26' title='bbox 829 539 892 622; x_wconf 76' lang='grc' dir='ltr'><em>μὲν</em></span> <span class='ocrx_word' id='word_1_27' title='bbox 919 532 983 604; x_wconf 83' lang='grc' dir='ltr'><em>οὖν</em></span> <span class='ocrx_word' id='word_1_28' title='bbox 1010 537 1188 625; x_wconf 76' lang='grc' dir='ltr'><em>ἐλέφαντες</em></span> 
     </span>
    </p>

    <p class='ocr_par' dir='ltr' id='par_1_4' title="bbox 134 645 1188 841">
     <span class='ocr_line' id='line_1_5' title="bbox 165 645 1188 733; baseline -0.002 -18"><span class='ocrx_word' id='word_1_29' title='bbox 165 649 206 715; x_wconf 79' lang='grc' dir='ltr'><em>οὐ</em></span> <span class='ocrx_word' id='word_1_30' title='bbox 234 649 417 732; x_wconf 89' lang='grc' dir='ltr'><em>δυνάμενοι</em></span> <span class='ocrx_word' id='word_1_31' title='bbox 445 649 529 733; x_wconf 88' lang='grc' dir='ltr'><em>πρὸς</em></span> <span class='ocrx_word' id='word_1_32' title='bbox 555 648 615 713; x_wconf 90' lang='grc' dir='ltr'><em>τὸν</em></span> <span class='ocrx_word' id='word_1_33' title='bbox 642 647 749 732; x_wconf 82' lang='grc' dir='ltr'><em>όχθον</em></span> <span class='ocrx_word' id='word_1_34' title='bbox 776 645 972 730; x_wconf 79' lang='grc' dir='ltr'><em>ἀναβαίνειν</em></span> <span class='ocrx_word' id='word_1_35' title='bbox 1000 646 1100 712; x_wconf 74' lang='grc' dir='ltr'><em>οὐδὲν</em></span> <span class='ocrx_word' id='word_1_36' title='bbox 1127 648 1188 713; x_wconf 85' lang='grc' dir='ltr'><em>αὐ-</em></span> 
     </span>
     <span class='ocr_line' id='line_1_6' title="bbox 134 749 1187 841; baseline 0.002 -24"><span class='ocrx_word' id='word_1_37' title='bbox 134 777 146 817; x_wconf 82' lang='grc' dir='ltr'><em>ι</em></span> <span class='ocrx_word' id='word_1_38' title='bbox 165 759 244 834; x_wconf 87' lang='grc' dir='ltr'><em>τοὺς</em></span> <span class='ocrx_word' id='word_1_39' title='bbox 265 757 418 841; x_wconf 77' lang='grc' dir='ltr'><em>ἠδίκουν,</em></span> <span class='ocrx_word' id='word_1_40' title='bbox 441 755 521 821; x_wconf 78' lang='grc' dir='ltr'><em>οὐδὲ</em></span> <span class='ocrx_word' id='word_1_41' title='bbox 544 756 579 820; x_wconf 87' lang='grc' dir='ltr'><em>αλ</em></span> <span class='ocrx_word' id='word_1_42' title='bbox 601 764 668 820; x_wconf 81' lang='grc' dir='ltr'><em>τῶν</em></span> <span class='ocrx_word' id='word_1_43' title='bbox 689 753 816 820; x_wconf 78' lang='grc' dir='ltr'><em>ἱππέων</em></span> <span class='ocrx_word' id='word_1_44' title='bbox 836 749 919 839; x_wconf 90' lang='grc' dir='ltr'><em>ίλαι,</em></span> <span class='ocrx_word' id='word_1_45' title='bbox 940 755 974 820; x_wconf 84' lang='grc' dir='ltr'><em>ολ</em></span> <span class='ocrx_word' id='word_1_46' title='bbox 996 753 1035 819; x_wconf 76' lang='grc' dir='ltr'><em>δὲ</em></span> <span class='ocrx_word' id='word_1_47' title='bbox 1056 751 1187 831; x_wconf 80' lang='grc' dir='ltr'><em>τοξόται</em></span> 
     </span>
    </p>

    <p class='ocr_par' dir='ltr' id='par_1_5' title="bbox 165 860 1187 947">
     <span class='ocr_line' id='line_1_7' title="bbox 165 860 1187 947; baseline -0.004 -17"><span class='ocrx_word' id='word_1_48' title='bbox 165 863 272 943; x_wconf 78' lang='grc' dir='ltr'><em>(καί)</em></span> <span class='ocrx_word' id='word_1_49' title='bbox 301 863 527 947; x_wconf 76' lang='grc' dir='ltr'><em>σφενδονῆται</em></span> <span class='ocrx_word' id='word_1_50' title='bbox 553 860 733 944; x_wconf 87' lang='grc' dir='ltr'><em>βάλλοντες</em></span> <span class='ocrx_word' id='word_1_51' title='bbox 758 864 972 947; x_wconf 76' lang='grc' dir='ltr'><em>πανταχόθεν</em></span> <span class='ocrx_word' id='word_1_52' title='bbox 993 863 1187 946; x_wconf 88' lang='grc' dir='ltr'><em>κατετίτρω-</em></span> 
     </span>
    </p>
   </div>
   <div class='ocr_carea' id='block_1_2' title="bbox 164 965 1313 1054">
    <p class='ocr_par' dir='ltr' id='par_1_6' title="bbox 164 965 1313 1054">
     <span class='ocr_line' id='line_1_8' title="bbox 164 965 1313 1054; baseline -0.002 -20"><span class='ocrx_word' id='word_1_53' title='bbox 164 971 248 1036; x_wconf 85' lang='grc' dir='ltr'><em>σκόν</em></span> <span class='ocrx_word' id='word_1_54' title='bbox 265 992 301 1036; x_wconf 92' lang='grc' dir='ltr'><em>τε</em></span> <span class='ocrx_word' id='word_1_55' title='bbox 323 969 379 1035; x_wconf 81' lang='grc' dir='ltr'><em>καλ</em></span> <span class='ocrx_word' id='word_1_56' title='bbox 402 968 600 1054; x_wconf 73' lang='grc' dir='ltr'><em>διέφθειρον</em></span> <span class='ocrx_word' id='word_1_57' title='bbox 618 965 652 1046; x_wconf 78' lang='grc' dir='ltr'><em>ἐξ</em></span> <span class='ocrx_word' id='word_1_58' title='bbox 676 967 787 1034; x_wconf 81' lang='grc' dir='ltr'><em>αὐτῶν</em></span> <span class='ocrx_word' id='word_1_59' title='bbox 808 969 962 1054; x_wconf 84' lang='grc' dir='ltr'><em>συχνούς.</em></span> <span class='ocrx_word' id='word_1_60' title='bbox 999 969 1188 1052; x_wconf 75' lang='grc' dir='ltr'><em>αἰσθήσεως</em></span> <span class='ocrx_word' id='word_1_61' title='bbox 1312 999 1313 1004; x_wconf 41' lang='lat'>¹</span> 
     </span>
    </p>
   </div>
   <div class='ocr_carea' id='block_1_3' title="bbox 119 1073 1223 2337">
    <p class='ocr_par' dir='ltr' id='par_1_7' title="bbox 164 1073 1187 1269">
     <span class='ocr_line' id='line_1_9' title="bbox 164 1073 1187 1162; baseline 0.001 -22"><span class='ocrx_word' id='word_1_62' title='bbox 164 1075 203 1141; x_wconf 77' lang='grc' dir='ltr'><em>δὲ</em></span> <span class='ocrx_word' id='word_1_63' title='bbox 225 1075 407 1162; x_wconf 80' lang='grc' dir='ltr'><em>γενομένης</em></span> <span class='ocrx_word' id='word_1_64' title='bbox 424 1085 494 1154; x_wconf 83' lang='grc' dir='ltr'><em>τολς</em></span> <span class='ocrx_word' id='word_1_65' title='bbox 510 1076 649 1160; x_wconf 78' lang='grc' dir='ltr'><em>ἡγεμόσι</em></span> <span class='ocrx_word' id='word_1_66' title='bbox 667 1085 734 1141; x_wconf 81' lang='grc' dir='ltr'><em>τῶν</em></span> <span class='ocrx_word' id='word_1_67' title='bbox 752 1073 820 1141; x_wconf 76' lang='grc' dir='ltr'><em>ἐκεί</em></span> <span class='ocrx_word' id='word_1_68' title='bbox 837 1075 1074 1162; x_wconf 78' lang='grc' dir='ltr'><em>πραττομένων</em></span> <span class='ocrx_word' id='word_1_69' title='bbox 1092 1076 1187 1162; x_wconf 86' lang='grc' dir='ltr'><em>Πύρ-</em></span> 
     </span>
     <span class='ocr_line' id='line_1_10' title="bbox 164 1181 1187 1269; baseline -0.001 -20"><span class='ocrx_word' id='word_1_70' title='bbox 164 1206 223 1268; x_wconf 89' lang='grc' dir='ltr'><em>ρος</em></span> <span class='ocrx_word' id='word_1_71' title='bbox 254 1183 316 1266; x_wconf 70' lang='grc' dir='ltr'><em>μὲν</em></span> <span class='ocrx_word' id='word_1_72' title='bbox 347 1181 384 1250; x_wconf 74' lang='grc' dir='ltr'><em>ἐκ</em></span> <span class='ocrx_word' id='word_1_73' title='bbox 415 1193 486 1269; x_wconf 79' lang='grc' dir='ltr'><em>της</em></span> <span class='ocrx_word' id='word_1_74' title='bbox 505 1181 699 1266; x_wconf 79' lang='grc' dir='ltr'><em>ἀσπιστικῆς</em></span> <span class='ocrx_word' id='word_1_75' title='bbox 732 1182 904 1268; x_wconf 77' lang='grc' dir='ltr'><em>φάλαγγος</em></span> <span class='ocrx_word' id='word_1_76' title='bbox 931 1183 1119 1265; x_wconf 85' lang='grc' dir='ltr'><em>Ἀθαμάνάς</em></span> <span class='ocrx_word' id='word_1_77' title='bbox 1151 1206 1187 1248; x_wconf 91' lang='grc' dir='ltr'><em>τε</em></span> 
     </span>
    </p>

    <p class='ocr_par' dir='ltr' id='par_1_8' title="bbox 120 1286 1187 1801">
     <span class='ocr_line' id='line_1_11' title="bbox 120 1286 1187 1376; baseline 0.003 -25"><span class='ocrx_word' id='word_1_78' title='bbox 120 1312 145 1352; x_wconf 79' lang='grc' dir='ltr'><em>ιο</em></span> <span class='ocrx_word' id='word_1_79' title='bbox 163 1289 219 1357; x_wconf 85' lang='grc' dir='ltr'><em>καί</em></span> <span class='ocrx_word' id='word_1_80' title='bbox 244 1286 446 1376; x_wconf 85' lang='grc' dir='ltr'><em>Ἀκαρνᾶνας</em></span> <span class='ocrx_word' id='word_1_81' title='bbox 474 1289 530 1356; x_wconf 80' lang='grc' dir='ltr'><em>καλ</em></span> <span class='ocrx_word' id='word_1_82' title='bbox 559 1299 627 1356; x_wconf 82' lang='grc' dir='ltr'><em>τῶν</em></span> <span class='ocrx_word' id='word_1_83' title='bbox 654 1294 833 1356; x_wconf 81' lang='grc' dir='ltr'><em>Σαυνιτῶν</em></span> <span class='ocrx_word' id='word_1_84' title='bbox 864 1312 957 1367; x_wconf 93' lang='grc' dir='ltr'><em>τινας</em></span> <span class='ocrx_word' id='word_1_85' title='bbox 992 1289 1187 1356; x_wconf 85' lang='grc' dir='ltr'><em>ἀποστέλλει</em></span> 
     </span>
     <span class='ocr_line' id='line_1_12' title="bbox 164 1394 1185 1482; baseline -0.001 -19"><span class='ocrx_word' id='word_1_86' title='bbox 164 1397 182 1463; x_wconf 88' lang='grc' dir='ltr'><em>ό</em></span> <span class='ocrx_word' id='word_1_87' title='bbox 206 1397 244 1464; x_wconf 75' lang='grc' dir='ltr'><em>δὲ</em></span> <span class='ocrx_word' id='word_1_88' title='bbox 266 1409 334 1463; x_wconf 83' lang='grc' dir='ltr'><em>τῶν</em></span> <span class='ocrx_word' id='word_1_89' title='bbox 353 1395 520 1481; x_wconf 90' lang='grc' dir='ltr'><em>Ῥωμαίων</em></span> <span class='ocrx_word' id='word_1_90' title='bbox 541 1395 667 1474; x_wconf 74' lang='grc' dir='ltr'><em>ὕπατος</em></span> <span class='ocrx_word' id='word_1_91' title='bbox 690 1396 762 1473; x_wconf 84' lang='grc' dir='ltr'><em>ίλας</em></span> <span class='ocrx_word' id='word_1_92' title='bbox 784 1397 878 1474; x_wconf 81' lang='grc' dir='ltr'><em>τινάς</em></span> <span class='ocrx_word' id='word_1_93' title='bbox 907 1395 1043 1481; x_wconf 77' lang='grc' dir='ltr'><em>ἱππέων,</em></span> <span class='ocrx_word' id='word_1_94' title='bbox 1071 1394 1185 1482; x_wconf 78' lang='grc' dir='ltr'><em>ἐπειδὴ</em></span> 
     </span>
     <span class='ocr_line' id='line_1_13' title="bbox 163 1501 1185 1589; baseline -0.001 -19"><span class='ocrx_word' id='word_1_95' title='bbox 163 1505 317 1589; x_wconf 83' lang='grc' dir='ltr'><em>τοιαύτης</em></span> <span class='ocrx_word' id='word_1_96' title='bbox 347 1501 416 1570; x_wconf 87' lang='grc' dir='ltr'><em>έδει</em></span> <span class='ocrx_word' id='word_1_97' title='bbox 444 1513 515 1580; x_wconf 78' lang='grc' dir='ltr'><em>τοῖς</em></span> <span class='ocrx_word' id='word_1_98' title='bbox 543 1506 652 1583; x_wconf 79' lang='grc' dir='ltr'><em>πεζοῖς</em></span> <span class='ocrx_word' id='word_1_99' title='bbox 681 1505 874 1588; x_wconf 88' lang='grc' dir='ltr'><em>συμμαχίας.</em></span> <span class='ocrx_word' id='word_1_100' title='bbox 924 1503 980 1570; x_wconf 78' lang='grc' dir='ltr'><em>καί</em></span> <span class='ocrx_word' id='word_1_101' title='bbox 1011 1505 1094 1569; x_wconf 84' lang='grc' dir='ltr'><em>κατά</em></span> <span class='ocrx_word' id='word_1_102' title='bbox 1126 1505 1185 1569; x_wconf 92' lang='grc' dir='ltr'><em>τὸν</em></span> 
     </span>
     <span class='ocr_line' id='line_1_14' title="bbox 164 1607 1186 1696; baseline -0.003 -18"><span class='ocrx_word' id='word_1_103' title='bbox 164 1612 315 1691; x_wconf 79' lang='grc' dir='ltr'><em>(αὐτὸν)</em></span> <span class='ocrx_word' id='word_1_104' title='bbox 341 1612 465 1696; x_wconf 92' lang='grc' dir='ltr'><em>χρόνον</em></span> <span class='ocrx_word' id='word_1_105' title='bbox 489 1609 584 1695; x_wconf 75' lang='grc' dir='ltr'><em>ἑτέρα</em></span> <span class='ocrx_word' id='word_1_106' title='bbox 606 1610 707 1676; x_wconf 89' lang='grc' dir='ltr'><em>πάλιν</em></span> <span class='ocrx_word' id='word_1_107' title='bbox 730 1607 798 1676; x_wconf 77' lang='grc' dir='ltr'><em>ἐκεί</em></span> <span class='ocrx_word' id='word_1_108' title='bbox 820 1613 948 1694; x_wconf 85' lang='grc' dir='ltr'><em>γίνεται</em></span> <span class='ocrx_word' id='word_1_109' title='bbox 970 1611 1055 1695; x_wconf 93' lang='grc' dir='ltr'><em>μάχη</em></span> <span class='ocrx_word' id='word_1_110' title='bbox 1078 1615 1186 1690; x_wconf 77' lang='grc' dir='ltr'><em>πεζῶν</em></span> 
     </span>
     <span class='ocr_line' id='line_1_15' title="bbox 162 1713 871 1801; baseline -0.001 -17"><span class='ocrx_word' id='word_1_111' title='bbox 162 1740 198 1783; x_wconf 90' lang='grc' dir='ltr'><em>τε</em></span> <span class='ocrx_word' id='word_1_112' title='bbox 220 1718 276 1784; x_wconf 79' lang='grc' dir='ltr'><em>καί</em></span> <span class='ocrx_word' id='word_1_113' title='bbox 301 1716 438 1800; x_wconf 91' lang='grc' dir='ltr'><em>ίππέων,</em></span> <span class='ocrx_word' id='word_1_114' title='bbox 460 1716 516 1782; x_wconf 86' lang='grc' dir='ltr'><em>καλ</em></span> <span class='ocrx_word' id='word_1_115' title='bbox 539 1717 644 1801; x_wconf 89' lang='grc' dir='ltr'><em>φόνος</em></span> <span class='ocrx_word' id='word_1_116' title='bbox 668 1713 716 1781; x_wconf 79' lang='grc' dir='ltr'><em>ότι</em></span> <span class='ocrx_word' id='word_1_117' title='bbox 738 1719 871 1784; x_wconf 87' lang='grc' dir='ltr'><em>πλείων.</em></span> 
     </span>
    </p>

    <p class='ocr_par' dir='ltr' id='par_1_9' title="bbox 119 1798 1223 2337">
     <span class='ocr_line' id='line_1_16' title="bbox 119 1798 1223 1926; baseline -0.002 -36"><span class='ocrx_word' id='word_1_118' title='bbox 119 1798 144 1926; x_wconf 59' lang='lat'><em>175</em></span> <span class='ocrx_word' id='word_1_119' title='bbox 230 1820 431 1910; x_wconf 81' lang='grc' dir='ltr'><em>Ἀρξαμένου</em></span> <span class='ocrx_word' id='word_1_120' title='bbox 456 1822 494 1888; x_wconf 79' lang='grc' dir='ltr'><em>δὲ</em></span> <span class='ocrx_word' id='word_1_121' title='bbox 515 1831 576 1888; x_wconf 83' lang='grc' dir='ltr'><em>τοῦ</em></span> <span class='ocrx_word' id='word_1_122' title='bbox 601 1821 763 1906; x_wconf 86' lang='grc' dir='ltr'><em>βασιλέως</em></span> <span class='ocrx_word' id='word_1_123' title='bbox 789 1824 845 1888; x_wconf 82' lang='grc' dir='ltr'><em>καί</em></span> <span class='ocrx_word' id='word_1_124' title='bbox 872 1825 906 1889; x_wconf 87' lang='grc' dir='ltr'><em>ολ</em></span> <span class='ocrx_word' id='word_1_125' title='bbox 932 1833 1000 1889; x_wconf 84' lang='grc' dir='ltr'><em>τῶν</em></span> <span class='ocrx_word' id='word_1_126' title='bbox 1018 1821 1185 1906; x_wconf 80' lang='grc' dir='ltr'><em>Ρωμαίων</em></span> <span class='ocrx_word' id='word_1_127' title='bbox 1217 1803 1223 1810; x_wconf 17' lang='lat' dir='ltr'>x</span> 
     </span>
     <span class='ocr_line' id='line_1_17' title="bbox 162 1928 1185 2016; baseline 0 -20"><span class='ocrx_word' id='word_1_128' title='bbox 162 1929 284 1996; x_wconf 75' lang='grc' dir='ltr'><em>ὕπατοι</em></span> <span class='ocrx_word' id='word_1_129' title='bbox 306 1933 385 2008; x_wconf 87' lang='grc' dir='ltr'><em>τοὺς</em></span> <span class='ocrx_word' id='word_1_130' title='bbox 408 1929 536 1997; x_wconf 78' lang='grc' dir='ltr'><em>ἑαυτῶν</em></span> <span class='ocrx_word' id='word_1_131' title='bbox 560 1928 745 1995; x_wconf 78' lang='grc' dir='ltr'><em>ἀνεκάλουν</em></span> <span class='ocrx_word' id='word_1_132' title='bbox 767 1930 844 2015; x_wconf 77' lang='grc' dir='ltr'><em>περὶ</em></span> <span class='ocrx_word' id='word_1_133' title='bbox 870 1931 1066 2016; x_wconf 82' lang='grc' dir='ltr'><em>καταφοράν</em></span> <span class='ocrx_word' id='word_1_134' title='bbox 1088 1930 1185 2008; x_wconf 87' lang='grc' dir='ltr'><em>όντος</em></span> 
     </span>
     <span class='ocr_line' id='line_1_18' title="bbox 162 2035 1185 2123; baseline -0.003 -18"><span class='ocrx_word' id='word_1_135' title='bbox 162 2047 222 2104; x_wconf 85' lang='grc' dir='ltr'><em>τοῦ</em></span> <span class='ocrx_word' id='word_1_136' title='bbox 244 2039 343 2123; x_wconf 78' lang='grc' dir='ltr'><em>ἡλίου</em></span> <span class='ocrx_word' id='word_1_137' title='bbox 366 2037 422 2104; x_wconf 79' lang='grc' dir='ltr'><em>καί</em></span> <span class='ocrx_word' id='word_1_138' title='bbox 444 2035 699 2120; x_wconf 85' lang='grc' dir='ltr'><em>διαβιβάσαντες</em></span> <span class='ocrx_word' id='word_1_139' title='bbox 720 2037 780 2102; x_wconf 86' lang='grc' dir='ltr'><em>τὸν</em></span> <span class='ocrx_word' id='word_1_140' title='bbox 803 2037 952 2119; x_wconf 84' lang='grc' dir='ltr'><em>ποταμὸν</em></span> <span class='ocrx_word' id='word_1_141' title='bbox 979 2035 1110 2122; x_wconf 77' lang='grc' dir='ltr'><em>ἀπῆγον</em></span> <span class='ocrx_word' id='word_1_142' title='bbox 1137 2038 1185 2114; x_wconf 86' lang='grc' dir='ltr'><em>είς</em></span> 
     </span>
     <span class='ocr_line' id='line_1_19' title="bbox 161 2143 1184 2232; baseline -0.002 -22"><span class='ocrx_word' id='word_1_143' title='bbox 161 2146 222 2211; x_wconf 82' lang='grc' dir='ltr'><em>τὸν</em></span> <span class='ocrx_word' id='word_1_144' title='bbox 253 2145 380 2232; x_wconf 89' lang='grc' dir='ltr'><em>χάρακα</em></span> <span class='ocrx_word' id='word_1_145' title='bbox 412 2143 671 2223; x_wconf 82' lang='grc' dir='ltr'><em>συσκοτάζοντος</em></span> <span class='ocrx_word' id='word_1_146' title='bbox 700 2144 774 2228; x_wconf 74' lang='grc' dir='ltr'><em>ἤδη.</em></span> <span class='ocrx_word' id='word_1_147' title='bbox 825 2144 846 2227; x_wconf 73' lang='grc' dir='ltr'><em>ἡ</em></span> <span class='ocrx_word' id='word_1_148' title='bbox 879 2143 917 2208; x_wconf 74' lang='grc' dir='ltr'><em>δὲ</em></span> <span class='ocrx_word' id='word_1_149' title='bbox 948 2151 1008 2208; x_wconf 85' lang='grc' dir='ltr'><em>τοῦ</em></span> <span class='ocrx_word' id='word_1_150' title='bbox 1041 2144 1184 2230; x_wconf 84' lang='grc' dir='ltr'><em>Πύρρου</em></span> 
     </span>
     <span class='ocr_line' id='line_1_20' title="bbox 163 2249 1184 2337; baseline 0 -21"><span class='ocrx_word' id='word_1_151' title='bbox 163 2252 304 2334; x_wconf 84' lang='grc' dir='ltr'><em>δύναμις</em></span> <span class='ocrx_word' id='word_1_152' title='bbox 340 2249 570 2318; x_wconf 78' lang='grc' dir='ltr'><em>ἀπολωλεκυῖα</em></span> <span class='ocrx_word' id='word_1_153' title='bbox 607 2249 730 2337; x_wconf 88' lang='grc' dir='ltr'><em>σκηνάς</em></span> <span class='ocrx_word' id='word_1_154' title='bbox 765 2272 801 2316; x_wconf 90' lang='grc' dir='ltr'><em>τε</em></span> <span class='ocrx_word' id='word_1_155' title='bbox 837 2250 893 2316; x_wconf 79' lang='grc' dir='ltr'><em>καί</em></span> <span class='ocrx_word' id='word_1_156' title='bbox 929 2250 1091 2334; x_wconf 84' lang='grc' dir='ltr'><em>ὑποζύγια</em></span> <span class='ocrx_word' id='word_1_157' title='bbox 1129 2251 1184 2316; x_wconf 84' lang='grc' dir='ltr'><em>καί</em></span> 
     </span>
    </p>
   </div>
   <div class='ocr_carea' id='block_1_4' title="bbox 117 2356 1284 2452">
    <p class='ocr_par' dir='ltr' id='par_1_10' title="bbox 117 2356 1284 2452">
     <span class='ocr_line' id='line_1_21' title="bbox 117 2356 1284 2452; baseline 0.004 -33"><span class='ocrx_word' id='word_1_158' title='bbox 117 2379 144 2419; x_wconf 83' lang='grc' dir='ltr'><em>ιο</em></span> <span class='ocrx_word' id='word_1_159' title='bbox 163 2357 358 2444; x_wconf 85' lang='grc' dir='ltr'><em>ἀνδράποδα</em></span> <span class='ocrx_word' id='word_1_160' title='bbox 386 2359 442 2424; x_wconf 84' lang='grc' dir='ltr'><em>καί</em></span> <span class='ocrx_word' id='word_1_161' title='bbox 470 2360 532 2444; x_wconf 79' lang='grc' dir='ltr'><em>τὴν</em></span> <span class='ocrx_word' id='word_1_162' title='bbox 560 2357 750 2441; x_wconf 78' lang='grc' dir='ltr'><em>ἀποσκευὴν</em></span> <span class='ocrx_word' id='word_1_163' title='bbox 776 2357 909 2423; x_wconf 75' lang='grc' dir='ltr'><em>ἅπασαν</em></span> <span class='ocrx_word' id='word_1_164' title='bbox 935 2356 991 2424; x_wconf 80' lang='grc' dir='ltr'><em>έπλ</em></span> <span class='ocrx_word' id='word_1_165' title='bbox 1017 2358 1184 2443; x_wconf 83' lang='grc' dir='ltr'><em>μετεώρου</em></span> <span class='ocrx_word' id='word_1_166' title='bbox 1232 2447 1234 2452; x_wconf 89' lang='lat'>.</span> <span class='ocrx_word' id='word_1_167' title='bbox 1269 2375 1284 2394; x_wconf 56' lang='lat'>⁸</span> 
     </span>
    </p>
   </div>
   <div class='ocr_carea' id='block_1_5' title="bbox 118 2461 1185 2978">
    <p class='ocr_par' dir='ltr' id='par_1_11' title="bbox 118 2461 1185 2978">
     <span class='ocr_line' id='line_1_22' title="bbox 161 2461 1185 2552; baseline 0 -22"><span class='ocrx_word' id='word_1_168' title='bbox 161 2467 253 2543; x_wconf 88' lang='grc' dir='ltr'><em>τινὸς</em></span> <span class='ocrx_word' id='word_1_169' title='bbox 282 2466 393 2552; x_wconf 80' lang='grc' dir='ltr'><em>χώρου</em></span> <span class='ocrx_word' id='word_1_170' title='bbox 423 2463 659 2551; x_wconf 87' lang='grc' dir='ltr'><em>παρενέβαλεν,</em></span> <span class='ocrx_word' id='word_1_171' title='bbox 689 2461 775 2530; x_wconf 82' lang='grc' dir='ltr'><em>ἔνθα</em></span> <span class='ocrx_word' id='word_1_172' title='bbox 801 2466 864 2550; x_wconf 79' lang='grc' dir='ltr'><em>τὴν</em></span> <span class='ocrx_word' id='word_1_173' title='bbox 891 2463 1053 2531; x_wconf 79' lang='grc' dir='ltr'><em>ἐπιοῦσαν</em></span> <span class='ocrx_word' id='word_1_174' title='bbox 1079 2465 1185 2532; x_wconf 85' lang='grc' dir='ltr'><em>νύκτα</em></span> 
     </span>
     <span class='ocr_line' id='line_1_23' title="bbox 163 2571 1184 2657; baseline -0.001 -21"><span class='ocrx_word' id='word_1_175' title='bbox 163 2571 322 2656; x_wconf 79' lang='grc' dir='ltr'><em>διήγαγεν</em></span> <span class='ocrx_word' id='word_1_176' title='bbox 344 2571 541 2657; x_wconf 81' lang='grc' dir='ltr'><em>ὑπαίθριος,</em></span> <span class='ocrx_word' id='word_1_177' title='bbox 569 2571 725 2656; x_wconf 76' lang='grc' dir='ltr'><em>ἀσκευής,</em></span> <span class='ocrx_word' id='word_1_178' title='bbox 753 2571 996 2657; x_wconf 89' lang='grc' dir='ltr'><em>ἀθεράπευτος,</em></span> <span class='ocrx_word' id='word_1_179' title='bbox 1024 2571 1104 2637; x_wconf 74' lang='grc' dir='ltr'><em>οὐδὲ</em></span> <span class='ocrx_word' id='word_1_180' title='bbox 1125 2581 1184 2654; x_wconf 80' lang='grc' dir='ltr'><em>τῆς</em></span> 
     </span>
     <span class='ocr_line' id='line_1_24' title="bbox 163 2678 1184 2765; baseline -0.002 -21"><span class='ocrx_word' id='word_1_181' title='bbox 163 2678 344 2762; x_wconf 90' lang='grc' dir='ltr'><em>ἀναγκαίας</em></span> <span class='ocrx_word' id='word_1_182' title='bbox 371 2679 561 2764; x_wconf 82' lang='grc' dir='ltr'><em>εὐποροῦσα</em></span> <span class='ocrx_word' id='word_1_183' title='bbox 587 2689 729 2765; x_wconf 87' lang='grc' dir='ltr'><em>τροφης,</em></span> <span class='ocrx_word' id='word_1_184' title='bbox 758 2679 842 2744; x_wconf 81' lang='grc' dir='ltr'><em>ὥστε</em></span> <span class='ocrx_word' id='word_1_185' title='bbox 869 2679 925 2744; x_wconf 81' lang='grc' dir='ltr'><em>καί</em></span> <span class='ocrx_word' id='word_1_186' title='bbox 952 2679 1184 2763; x_wconf 89' lang='grc' dir='ltr'><em>διαφθαρηναι</em></span> 
     </span>
     <span class='ocr_line' id='line_1_25' title="bbox 163 2777 1183 2872; baseline -0.002 -20"><span class='ocrx_word' id='word_1_187' title='bbox 163 2789 309 2871; x_wconf 83' lang='grc' dir='ltr'><em>συχνοὺς</em></span> <span class='ocrx_word' id='word_1_188' title='bbox 335 2787 500 2872; x_wconf 92' lang='grc' dir='ltr'><em>τραυματί</em></span> <span class='ocrx_word' id='word_1_189' title='bbox 498 2810 596 2870; x_wconf 90' lang='grc' dir='ltr'><em>ας,ο</em></span> <span class='ocrx_word' id='word_1_190' title='bbox 579 2777 630 2863; x_wconf 82' lang='grc' dir='ltr'><em>οἷς</em></span> <span class='ocrx_word' id='word_1_191' title='bbox 656 2783 737 2870; x_wconf 82' lang='grc' dir='ltr'><em>ένην</em></span> <span class='ocrx_word' id='word_1_192' title='bbox 760 2781 808 2850; x_wconf 75' lang='grc' dir='ltr'><em>ἔτι</em></span> <span class='ocrx_word' id='word_1_193' title='bbox 831 2786 996 2866; x_wconf 80' lang='grc' dir='ltr'><em>σωζεσθαι</em></span> <span class='ocrx_word' id='word_1_194' title='bbox 1022 2786 1183 2868; x_wconf 89' lang='grc' dir='ltr'><em>βοηθείας</em></span> 
     </span>
     <span class='ocr_line' id='line_1_26' title="bbox 118 2891 1184 2978; baseline 0.005 -25"><span class='ocrx_word' id='word_1_195' title='bbox 118 2911 144 2953; x_wconf 80' lang='grc' dir='ltr'><em>ετ</em></span> <span class='ocrx_word' id='word_1_196' title='bbox 162 2915 197 2959; x_wconf 86' lang='grc' dir='ltr'><em>τε</em></span> <span class='ocrx_word' id='word_1_197' title='bbox 234 2893 290 2959; x_wconf 82' lang='grc' dir='ltr'><em>καί</em></span> <span class='ocrx_word' id='word_1_198' title='bbox 325 2893 524 2978; x_wconf 91' lang='grc' dir='ltr'><em>κηδεμονίας</em></span> <span class='ocrx_word' id='word_1_199' title='bbox 561 2895 813 2976; x_wconf 84' lang='grc' dir='ltr'><em>μεταλαβοῦσιν.</em></span> <span class='ocrx_word' id='word_1_200' title='bbox 872 2893 1026 2958; x_wconf 81' lang='grc' dir='ltr'><em>τοιούτου</em></span> <span class='ocrx_word' id='word_1_201' title='bbox 1067 2891 1184 2970; x_wconf 84' lang='grc' dir='ltr'><em>τέλους</em></span> 
     </span>
    </p>
   </div>
   <div class='ocr_carea' id='block_1_6' title="bbox 161 3093 1183 3456">
    <p class='ocr_par' dir='ltr' id='par_1_12' title="bbox 161 3093 1183 3456">
     <span class='ocr_line' id='line_1_27' title="bbox 235 3093 1183 3173; baseline -0.002 -15"><span class='ocrx_word' id='word_1_202' title='bbox 235 3110 249 3158; x_wconf 91' lang='grc'>1</span> <span class='ocrx_word' id='word_1_203' title='bbox 273 3093 375 3173; x_wconf 65' lang='grc' dir='ltr'><em>περοιί·</em></span> <span class='ocrx_word' id='word_1_204' title='bbox 381 3101 489 3168; x_wconf 85' lang='grc' dir='ltr'><em>ιδόντες</em></span> <span class='ocrx_word' id='word_1_205' title='bbox 502 3104 567 3158; x_wconf 75' lang='grc' dir='ltr'><em>Αθι.</em></span> <span class='ocrx_word' id='word_1_206' title='bbox 586 3101 751 3173; x_wconf 84' lang='grc' dir='ltr'><em>προιδόντες</em></span> <span class='ocrx_word' id='word_1_207' title='bbox 765 3121 787 3158; x_wconf 87' lang='grc' dir='ltr'><em>ο</em></span> <span class='ocrx_word' id='word_1_208' title='bbox 798 3103 908 3170; x_wconf 78' lang='grc' dir='ltr'><em>ΜιἩΙεε,</em></span> <span class='ocrx_word' id='word_1_209' title='bbox 926 3102 1034 3172; x_wconf 81' lang='lat' dir='ltr'>recepit</span> <span class='ocrx_word' id='word_1_210' title='bbox 1047 3102 1183 3157; x_wconf 77' lang='lat' dir='ltr'>Weseher</span> 
     </span>
     <span class='ocr_line' id='line_1_28' title="bbox 161 3173 1181 3246; baseline -0.004 -16"><span class='ocrx_word' id='word_1_211' title='bbox 161 3173 281 3246; x_wconf 72' lang='grc' dir='ltr'><em>λόχλον</em></span> <span class='ocrx_word' id='word_1_212' title='bbox 299 3176 365 3232; x_wconf 83' lang='lat' dir='ltr'><strong>Ath.</strong></span> <span class='ocrx_word' id='word_1_213' title='bbox 384 3173 473 3245; x_wconf 86' lang='grc' dir='ltr'><em>λόφον</em></span> <span class='ocrx_word' id='word_1_214' title='bbox 491 3176 584 3230; x_wconf 72' lang='lat' dir='ltr'><strong>Minas</strong></span> <span class='ocrx_word' id='word_1_215' title='bbox 607 3173 698 3246; x_wconf 80' lang='grc' dir='ltr'><em>ὄχθον</em></span> <span class='ocrx_word' id='word_1_216' title='bbox 716 3175 859 3246; x_wconf 77' lang='lat' dir='ltr'>Kiessh&#39;ng</span> <span class='ocrx_word' id='word_1_217' title='bbox 930 3180 987 3228; x_wconf 84' lang='grc' dir='ltr'><em>6κ</em></span> <span class='ocrx_word' id='word_1_218' title='bbox 988 3174 1093 3229; x_wconf 82' lang='grc' dir='ltr'><em>α.λοιω</em></span> <span class='ocrx_word' id='word_1_219' title='bbox 1115 3173 1181 3228; x_wconf 77' lang='lat' dir='ltr'><strong>Ath.</strong></span> 
     </span>
     <span class='ocr_line' id='line_1_29' title="bbox 162 3196 1183 3317; baseline -0.005 -15"><span class='ocrx_word' id='word_1_220' title='bbox 162 3252 325 3317; x_wconf 79' lang='grc' dir='ltr'><em>9πιστικης</em></span> <span class='ocrx_word' id='word_1_221' title='bbox 342 3248 408 3302; x_wconf 83' lang='lat' dir='ltr'><em>Ath</em></span> <span class='ocrx_word' id='word_1_222' title='bbox 432 3196 709 3316; x_wconf 76' lang='grc' dir='ltr'><em>ἀσπιστικῆςΜίωαε</em></span> <span class='ocrx_word' id='word_1_223' title='bbox 731 3250 844 3316; x_wconf 81' lang='grc' dir='ltr'><em>πεζικῆς</em></span> <span class='ocrx_word' id='word_1_224' title='bbox 865 3244 982 3300; x_wconf 77' lang='lat' dir='ltr'><strong>Dflbner</strong></span> <span class='ocrx_word' id='word_1_225' title='bbox 1000 3245 1034 3301; x_wconf 84' lang='lat' dir='ltr'><em>cf</em></span> <span class='ocrx_word' id='word_1_226' title='bbox 1054 3244 1183 3300; x_wconf 65' lang='lat' dir='ltr'>thzeler</span> 
     </span>
     <span class='ocr_line' id='line_1_30' title="bbox 161 3269 1181 3374; baseline -0.006 0"><span class='ocrx_word' id='word_1_227' title='bbox 161 3319 309 3374; x_wconf 75' lang='lat' dir='ltr'><strong>Animadv.</strong></span> <span class='ocrx_word' id='word_1_228' title='bbox 328 3318 355 3372; x_wconf 87' lang='lat'><em>11</em></span> <span class='ocrx_word' id='word_1_229' title='bbox 374 3324 407 3373; x_wconf 82' lang='lat'><em>29</em></span> <span class='ocrx_word' id='word_1_230' title='bbox 481 3324 514 3373; x_wconf 84' lang='lat'><em>18</em></span> <span class='ocrx_word' id='word_1_231' title='bbox 540 3269 627 3374; x_wconf 76' lang='grc' dir='ltr'><em>αάτδν</em></span> <span class='ocrx_word' id='word_1_232' title='bbox 652 3319 717 3372; x_wconf 78' lang='grc' dir='ltr'><em>εδδ.</em></span> <span class='ocrx_word' id='word_1_233' title='bbox 738 3317 874 3373; x_wconf 73' lang='lat' dir='ltr'><strong>Wescher</strong></span> <span class='ocrx_word' id='word_1_234' title='bbox 947 3323 981 3371; x_wconf 85' lang='lat'><em>14</em></span> <span class='ocrx_word' id='word_1_235' title='bbox 1005 3314 1090 3372; x_wconf 85' lang='grc' dir='ltr'><em>πλείω</em></span> <span class='ocrx_word' id='word_1_236' title='bbox 1115 3315 1181 3370; x_wconf 78' lang='lat' dir='ltr'><em>Ath</em></span> 
     </span>
     <span class='ocr_line' id='line_1_31' title="bbox 163 3387 1180 3456; baseline -0.004 -12"><span class='ocrx_word' id='word_1_237' title='bbox 163 3395 196 3445; x_wconf 78' lang='lat'><em>1⁸</em></span> <span class='ocrx_word' id='word_1_238' title='bbox 229 3389 424 3456; x_wconf 78' lang='grc' dir='ltr'><em>συσκιάζοντας</em></span> <span class='ocrx_word' id='word_1_239' title='bbox 455 3391 521 3445; x_wconf 77' lang='lat' dir='ltr'><em>Ath</em></span> <span class='ocrx_word' id='word_1_240' title='bbox 559 3389 775 3456; x_wconf 79' lang='grc' dir='ltr'><em>συσκοτάζοντος</em></span> <span class='ocrx_word' id='word_1_241' title='bbox 810 3389 955 3443; x_wconf 79' lang='lat' dir='ltr'>verissime</span> <span class='ocrx_word' id='word_1_242' title='bbox 991 3387 1079 3444; x_wconf 76' lang='lat' dir='ltr'>Cobet</span> <span class='ocrx_word' id='word_1_243' title='bbox 1115 3387 1180 3442; x_wconf 74' lang='lat' dir='ltr'>obs.</span> 
     </span>
    </p>
   </div>
   <div class='ocr_carea' id='block_1_7' title="bbox 0 0 1332 3916">
    <p class='ocr_par' dir='ltr' id='par_1_13' title="bbox 0 0 1332 3916">
     <span class='ocr_line' id='line_1_32' title="bbox 0 0 1332 3916; baseline 0 2"><span class='ocrx_word' id='word_1_244' title='bbox 0 0 1332 3916; x_wconf 95' lang='lat' dir='ltr'><em> </em></span> 
     </span>
    </p>
   </div>
  </div>
 </body>
</html>
