2654 3916
147 210 214 276 εει
575 214 743 264 -Κ-
854 169 856 173 ⁴

148 335 275 421 σβείας]
293 335 349 401 καί
369 336 510 423 δωρεαῖς
534 337 634 414 ίδίαις
655 335 850 422 τιμηθέντες
872 333 930 402 ὑπ’
948 338 1066 405 αὐτοῦ·
1088 336 1169 427 ἦρχε

147 442 185 508 δὲ
212 453 270 528 τῆς
293 443 470 529 Αἰγύπτου
498 443 654 530 δεύτερος
679 445 762 526 μετὰ
787 445 848 510 τὸν
874 446 1057 512 Μακεδόνα
1080 443 1169 514 Ἀλέ-

106 547 305 636 2ξανδρον·
338 547 452 634 ἐπειδὴ
483 549 711 616 κατέπλευσαν
742 552 791 628 είς
821 551 884 636 την
915 553 1026 637 πόλιν,
1060 553 1101 619 τά
1132 579 1169 620 τε

146 657 231 722 άλλα
267 655 482 743 ἀπήγγειλαν,
518 657 580 723 όσα
616 655 835 744 διεπράξαντο
871 659 954 724 κατὰ
989 661 1052 745 τὴν
1087 657 1168 726 ἀπο·

115 787 127 828 ε
146 764 280 848 δημίαν,
302 763 434 842 καὶτὰς
453 764 590 849 δωρεάς,
612 763 652 842 ἃς
669 766 759 852 παρὰ
777 773 837 830 τοῦ
855 764 1017 848 βασιλέως
1036 763 1168 852 ἔλαβον,

146 871 195 947 είς
216 871 254 936 τὸ
278 869 440 955 δημόσιον
458 867 660 957 ἀνήνεγκαν·
683 871 743 950 οὓς
764 873 786 956 ἡ
809 874 915 958 βουλὴ
933 873 1070 939 πάντων
1088 873 1168 958 άγα-1

146 983 268 1043 σθεῖσα
294 987 363 1043 τόν
385 961 494 1064 ἔργων
517 979 579 1045 οὐκ
607 979 697 1045 είασε
724 980 929 1064 δημοσιῶσαι
956 981 1013 1058 τὰς
1040 983 1169 1064 βασιλι-

145 1085 205 1162 κάς
222 1084 368 1170 χάριτας,
390 1081 462 1150 ἀλλ’
479 1087 526 1163 είς
543 1088 628 1164 τοὺς
641 1084 770 1152 ἑαυτῶν
787 1086 901 1163 οἴκους
919 1082 1168 1172 ἀπενέγκασθαι

145 1193 241 1274 τιμάς
263 1187 382 1279 ιἰρετῆς
403 1192 460 1258 καί
481 1193 627 1276 κόσμους
649 1191 806 1278 ἐκγόνοις.
852 1195 962 1260 Ambr.

100 1321 127 1362 ιο
216 1297 287 1365 XV.
311 1297 379 1386 (20,
398 1299 434 1386 5)
461 1301 504 1366 Οί
526 1299 678 1387 Βρόττιοι
700 1299 832 1380 ἑκόντες
853 1300 1075 1386 ὑποταγέντες
1093 1298 1167 1367 Ῥω·

144 1408 254 1490 γυίοις
275 1407 338 1491 τὴν
359 1406 513 1490 ἡμίσειαν
535 1417 594 1492 τῆς
616 1407 748 1495 ὀρεινῆς
770 1407 967 1494 παρέδωκαν
990 1407 1119 1493 αὐτοῖς,
1145 1406 1167 1493 ἣ

144 1518 291 1580 καλεῖται
312 1512 375 1596 μὲν
397 1515 500 1598 Σίλα,
527 1515 628 1600 μεστὴ
652 1515 684 1580 δ’
701 1512 793 1582 ἐστίν
814 1515 897 1601 όλης
920 1516 968 1594 είς
990 1515 1168 1598 οἰκοδομάς

143 1642 179 1686 τε
206 1620 262 1686 καί
289 1623 477 1704 ναυπηγίας
500 1621 556 1686 καί
578 1630 690 1688 πᾶσαν
713 1623 818 1708 άλλην
840 1623 1047 1707 κατασκευὴν
1069 1621 1168 1688 εόθό·

143 1745 218 1792 του·
247 1728 354 1810 πολλὴ
383 1725 445 1808 μὲν
474 1727 538 1810 γὰρ
568 1725 666 1812 ἐλάτη
694 1728 845 1814 πέφυκεν
872 1729 1102 1816 οὐρανομήκης
1129 1727 1167 1795 ἐν

99 1853 125 1894 ιε
144 1833 240 1920 αὐτῇ,
263 1833 368 1917 πολλὴ
392 1832 431 1898 δὲ
453 1831 609 1918 αἴγειρος,
632 1836 738 1919 πολλη
762 1835 800 1900 δὲ
822 1838 935 1922 πίειρα
956 1836 1062 1920 πεύκη
1085 1834 1166 1921 όξύη

143 1961 180 2005 τε
208 1939 264 2006 καί
293 1941 391 2017 πίτυς
419 1939 475 2006 καί
505 1940 612 2025 φηγὸς
642 1936 839 2026 ἀμφιλαφὴς
867 1942 923 2008 καί
953 1945 1064 2026 μελίαι
1095 1953 1167 2022 ταῖς

144 2047 378 2134 διαρρεούσαις
405 2046 518 2130 λιβάσι
543 2049 770 2133 πιαινόμεναι,
796 2048 853 2114 καί
880 2057 970 2114 πᾶσα
997 2050 1079 2135 άλλη
1107 2053 1167 2134 βα-

143 2160 223 2220 θεῖα
255 2153 529 2240 συνυφαινομένη
561 2163 632 2232 τοῖς
662 2154 797 2234 κλάδοις
827 2155 891 2240 όλη
922 2157 1056 2243 σκιερὸν
1086 2155 1166 2223 διπο-

143 2266 285 2327 τελοῦσα
308 2257 353 2327 δι’
371 2261 450 2345 όλης
471 2259 594 2346 ἡμέρας
617 2262 655 2327 τὸ
678 2261 764 2348 όρος.

98 2341 125 2471 ἕο
216 2366 268 2455 (6)
289 2365 342 2446 Ἐξ
369 2363 408 2452 ης
434 2367 455 2452 ἡ
483 2367 546 2449 μὲν
573 2363 708 2452 ἔγγιστα
734 2369 902 2454 θαλάττης
928 2370 984 2435 καί
1009 2381 1166 2454 ποταμῶν

144 2473 295 2561 φυομένη
318 2481 482 2559 τμηθεῖσα
504 2475 567 2558 την
585 2473 650 2540 άπὸ
673 2475 763 2562 ῥίζης
785 2477 891 2560 τομην
909 2475 1089 2564 ὁλόκληρος
1110 2476 1165 2544 ἐπί

142 2583 223 2658 τοὺς
252 2580 386 2664 λιμένας
413 2583 494 2658 τοὺς
523 2577 658 2666 ἔγγιστα
687 2582 876 2668 κατάγεται,
907 2583 997 2674 πάση
1028 2585 1164 2668 διαρκὴς

118 2677 262 2776 ’Ἰταλίᾳ
289 2690 373 2774 πρός
399 2711 434 2754 τε
461 2689 502 2754 τδι
528 2690 668 2754 ναυτικά
695 2689 751 2755 καί
773 2691 857 2776 πρὸς
879 2692 937 2769 τὰς
958 2700 1026 2757 τῶν
1049 2690 1164 2754 οἰκιῶν

142 2795 358 2873 κατασκευάς·
384 2796 405 2880 ἡ
433 2794 472 2861 δὲ
499 2795 568 2861 άνω
596 2795 763 2881 θαλάττης
790 2797 846 2862 καί
870 2805 1027 2880 ποταμῶν
1049 2797 1163 2882 πρόσω

98 2922 124 2962 οι
142 2908 371 2987 κορμασθεῖσα
389 2903 471 2968 κατὰ
493 2902 576 2989 μέρη
596 2903 709 2980 κώπας
733 2925 767 2969 τε
789 2903 924 2989 παρέχει
945 2903 1001 2968 καί
1023 2898 1164 2980 κοντοὺς

143 3008 198 3074 καί
226 3009 312 3074 ὅπλα
339 3019 481 3075 παντοῖα
507 3009 562 3075 καί
591 3011 691 3094 σκεύη
719 3011 760 3075 τὰ
781 3009 981 3093 κατοικίδια,
1009 3008 1163 3095 φοράδην

216 3191 230 3239 1
254 3187 374 3254 δωρεαῖς
396 3181 458 3261 ίδίᾳ
481 3202 504 3240 ο.
524 3184 623 3240 struve
697 3191 729 3240 1‘1
755 3181 933 3254 πιαινόμενον
954 3183 1050 3239 Ambr‚
1069 3184 1163 3238 Kiess·

142 3255 231 3326 lingio
245 3258 330 3323 teste,
345 3256 395 3310 sed
408 3273 500 3326 neque
508 3257 601 3312 Maius
615 3257 770 3326 quidquam
784 3272 876 3326 nequo
884 3254 1041 3312 Ambrosch
1054 3255 1164 3310 notavit

144 3333 177 3382 18
210 3325 421 3398 συμφαικομίνη
453 3327 549 3383 Ambr.
587 3325 767 3398 ουμφυομόνη
800 3328 898 3382 δίτονα
935 3324 1163 3398 σνννφαινομίνη

142 3399 286 3468 Kiessling
358 3404 391 3452 22
415 3401 541 3467 διαρκεῖς
557 3399 653 3455 Ambr.
677 3399 848 3470 Kiesslingio
865 3401 940 3454 teste
1012 3405 1045 3454 26
1069 3395 1162 3454 ὅπλον

143 3470 238 3526 Ambr.
258 3469 330 3526 ὅπλα
348 3470 393 3525 vel
411 3467 504 3526 όπλων
522 3467 589 3541 γόνη
608 3487 631 3526 ο.
646 3471 746 3526 δίωκε
