2656 3932
163 173 226 240 152
580 203 614 212 -
651 177 691 227 ῙΑ
728 201 761 212 -

161 298 283 382 μένους
316 297 521 382 ἀπέκτειναν,
553 302 632 375 τοὺς
664 299 702 365 δὲ
733 301 869 376 πλείους
900 297 938 364 ἐν
969 311 1015 386 τῷ
1048 301 1186 389 διωγμῷ

161 406 369 491 διέφθειραν.
421 405 453 470 ολ
483 405 521 469 δὲ
548 405 771 482 διασωθέντες
798 404 835 472 ἐκ
861 415 919 489 τής
946 415 1056 491 φυγής
1082 431 1187 492 τραυ-
1302 387 1303 416 ³

161 515 273 595 ματίαι
299 535 335 577 τε
361 513 394 578 οί
415 514 551 589 πλείους
573 513 629 578 καί
651 515 692 578 τά
714 513 801 578 ὅπλα
823 521 942 604 μικροῦ
966 513 1039 578 δεῖν
1061 514 1185 592 πάνγες
1302 533 1303 536 ’

162 616 405 696 ἀπολωλεκότες
434 620 482 696 εἰς
509 620 608 685 πόλιν
636 620 788 685 Τύσκλον
813 617 1030 705 ἀφικνοῦντο·
1059 623 1185 706 σκηνάς

130 723 192 790 ιδ’
216 725 327 792 αὐτῶν
356 727 412 791 καί
441 725 604 810 ὑποζύγια
633 727 688 792 καί
715 731 863 813 χρήματα
889 728 945 793 καλ
972 727 1185 813 θεράποντας

160 833 216 898 καί
245 834 307 917 τήν
336 834 441 917 ἀλλην
468 843 528 899 τοῦ
555 832 702 916 πολέμου
729 837 942 920 παρασκευήν
971 836 1004 900 ολ
1031 833 1184 917 πολέμιοι

121 941 358 1025 6διήρπασαν.
412 940 456 1017 ῶς
491 939 521 1004 δ’
553 938 722 1024 ἀπηγγέλη
759 950 863 1006 ταῦτα
897 951 968 1018 τοῖς
1003 944 1086 1006 κατὰ
1121 943 1184 1026 τήν

162 1048 271 1130 πόλιν,
308 1047 443 1132 ὅσοιπερ
478 1043 565 1130 ἦσαν
597 1045 716 1132 ἐχθροί
746 1057 804 1132 τῆς
841 1047 1032 1133 ὀλιγαρχίας
1063 1048 1118 1113 καλ
1150 1049 1185 1112 ολ

161 1152 242 1230 τέως
265 1152 552 1240 ἀποκρυπτόμενοι
574 1156 612 1219 τὸ
635 1163 745 1239 μίσος,
772 1157 940 1240 φανεροὺς
963 1152 1101 1220 ἐποίουν
1124 1154 1185 1236 αὑ·

118 1281 143 1322 10
161 1261 240 1337 τοὺς
266 1262 340 1326 τότε
363 1264 534 1347 χαίροντες
558 1259 612 1326 ἐπί
634 1270 706 1338 ταῖς
730 1263 969 1346 κακοπραγίαις
994 1271 1063 1326 τῶν
1086 1276 1185 1346 στρα-

160 1378 284 1451 τηγῶν·
309 1365 430 1451 καλήν
452 1368 515 1452 ήδη
539 1369 681 1453 καρτερά
703 1368 775 1453 χείρ
798 1369 874 1453 περλ
897 1369 957 1432 τὸν
974 1367 1126 1452 Ὁράτιόυ
1148 1391 1184 1433 τε

161 1475 215 1540 καί
252 1476 311 1540 τὸν
351 1474 547 1558 Οὐαλέριον,
584 1473 643 1552 οὓς
680 1471 766 1559 ἔφην
802 1475 966 1558 ἡγεμόνας
998 1468 1084 1544 εἶναι
1115 1487 1184 1540 τῶν

162 1581 443 1666 ἀριστοκρατικῶν
468 1579 646 1666 ἑταιρειῶν.

232 1685 367 1753 ΧΧΙΙΠ.
407 1689 449 1752 Ol
484 1688 523 1752 δὲ
558 1689 635 1772 περὶ
657 1690 717 1753 τὸν
745 1686 890 1753 ’Άππιον
925 1698 996 1766 τοῖς
1031 1689 1093 1770 μέν
1129 1688 1185 1755 ἐπὶ

117 1815 142 1856 ιι
162 1792 387 1878 στρατοπέδου
420 1795 647 1880 συνάρχουσιν
679 1796 765 1860 ὅπλα
796 1817 832 1859 τε
863 1795 919 1860 καί
950 1799 1099 1881 χρήματα
1127 1797 1185 1862 καλ

160 1911 255 1965 σῖτον
284 1900 340 1965 καί
369 1897 472 1967 τᾶλλα
501 1896 549 1967 ὧν
578 1900 711 1967 ἐδέοντο
742 1899 968 1988 ἐπεχορήγουν
995 1903 1036 1967 τά
1062 1925 1098 1968 τε
1125 1903 1184 1987 δη-

159 2010 259 2091 μόσια
283 2009 339 2073 καὶ
364 2009 512 2073 ίδιωτικά
535 2006 571 2074 ἐκ
593 2013 718 2094 πολλής
741 2008 925 2094 ὑπεροψίας
948 2009 1184 2093 λαμβάνοντες,
1194 2026 1266 2074 2217

159 2115 215 2181 καλ
245 2114 320 2180 ἀντί
348 2125 416 2181 τῶν
445 2113 666 2181 ἀπολωλότων
697 2115 832 2200 ἀνδρῶν
861 2118 1184 2200 στρατολογήσαντες

160 2221 193 2301 ἐξ
220 2223 348 2308 ἀπάσης
379 2227 487 2308 φυλής
514 2225 592 2300 τοὺς
622 2223 708 2288 ὅπλα
738 2223 855 2309 φέρειν
884 2223 1092 2305 δυναμένους
1122 2223 1183 2288 ἀπ·

115 2352 141 2392 εο
161 2329 321 2413 έστειλαν,
342 2326 418 2394 ὥστ’
435 2327 692 2416 ἐκπληρωδήναι
709 2333 788 2408 τοὺς
807 2333 939 2416 λόχους·
962 2341 1030 2396 τῶν
1047 2353 1083 2395 τε
1100 2333 1183 2396 κατά

161 2439 273 2520 (τήν)
288 2439 388 2502 πόλιν
406 2434 540 2520 ἐπιμελῆ
561 2439 715 2522 φυλακήν
735 2435 909 2502 ἐποιοῦντο
925 2447 1090 2523 φρουραῖς
1104 2440 1182 2515 τοὺς

160 2540 429 2626 ἐπικαιροτάτους
445 2546 773 2627 καταλαμβανόμενοι
789 2546 926 2628 τόπους,
944 2547 988 2628 μή
1004 2567 1037 2609 τι
1053 2544 1183 2610 λάθωσι

162 2651 445 2734 παρακινήσαντες
477 2650 510 2713 ολ
541 2652 622 2731 μετὰ
653 2660 713 2716 τοῦ
749 2651 935 2735 Οὐαλερίου
971 2662 1182 2729 συνεστῶτες.

120 2754 366 2840 λέπέσκηπτόν
393 2778 428 2820 τε
456 2754 500 2820 δι’
518 2755 716 2841 ἀπορρήτων
738 2767 808 2834 τοῖς
835 2756 889 2822 ἐπί
914 2767 981 2822 τῶν
1004 2758 1183 2842 στρατοπέ·

116 2885 141 2926 ει
161 2864 230 2928 δων
258 2862 463 2947 συνάρχουσι
491 2865 569 2940 τοὺς
597 2861 875 2946 ἐναντιουμένους
902 2866 999 2948 σφίσι
1027 2865 1183 2950 διαφθεί·

233 3008 247 3056 7
268 2999 423 3072 ἀπηγγέλλη
443 3003 464 3056 L
488 3003 581 3072 priore
600 3003 697 3058 Ηλλοεε
715 3006 730 3057 λ
749 3019 829 3058 erasa
851 3004 886 3058 cf.
906 3005 971 3058 Aar.
991 3021 1084 3074 progr.
1104 3023 1131 3074 p.
1148 3010 1181 3058 35

160 3071 324 3144 ἀπηγγέλθη
344 3073 430 3128 stulte
449 3073 536 3130 Cobet
555 3074 619 3130 obs.
639 3093 666 3144 p.
682 3081 733 3129 207
812 3081 828 3130 8
852 3073 913 3130 ὅσοι
931 3075 985 3145 γὰρ
1005 3076 1027 3130 Ο
1052 3075 1114 3130 ὅσοι
1132 3076 1182 3145 μὲν

160 3145 282 3214 Sylburg
306 3143 419 3214 ὅσοιπερ
444 3146 587 3216 Kiessling
666 3152 682 3200 9
706 3146 901 3270 WYEOM'JG
923 3146 969 3200 Lb
1000 3149 1002 3219 λ
1035 3148 1181 3210 αότοάςΙι

161 3223 193 3270 11
214 3215 334 3283 ὡράκιον
353 3216 379 3270 V
453 3223 485 3272 13
509 3217 621 3286 ἑτεριῶν
639 3218 684 3272 La
777 3234 855 3272 ειν.
879 3225 993 3273 14—23
1019 3219 1054 3273 cf.
1073 3220 1183 3288 Kayser

159 3287 520 3356 Fleck.Ann.1870‚725
593 3295 627 3344 16
648 3289 842 3359 ἐπεχωρήγουν
861 3289 932 3344 LaV
1006 3297 1038 3344 17
1063 3293 1127 3360 post
1150 3290 1182 3344 ἐκ

159 3361 261 3428 πολλῆς
286 3357 444 3430 ὑπεροψίας
469 3360 545 3428 quod
568 3360 590 3414 Ο
614 3360 752 3430 praebent
774 3359 889 3414 Reiskio
913 3361 1044 3416 videntur
1064 3359 1103 3416 δι’
1122 3361 1182 3416 ἐπι-

161 3427 270 3498 μελείας
290 3431 385 3486 deesse
459 3437 491 3486 21
511 3431 562 3501 τὴν
582 3431 647 3485 add.
662 3430 817 3485 Ambrosch
836 3432 874 3484 ad
892 3431 918 3485 ΙΙ
937 3437 991 3499 9,1
