2656 3932
586 209 741 258 -ι-
1132 207 1174 272 ιο

153 338 367 400 συνελθοῦσα
399 335 463 420 γάρ
494 334 515 417 ἡ
548 333 654 417 βουλὴ
687 333 823 417 γνώμην
856 329 1063 415 ἀπεδείξατο,
1097 335 1176 410 τοὺς

152 443 346 526 πατρικίους
373 439 428 506 ἐπί
454 441 515 506 τὸν
541 441 688 522 πόλεμον
715 437 836 517 ἐξιέναι
863 441 928 504 σὺν
955 449 1026 516 τοίς
1048 437 1176 506 ἑαυτῶν

153 547 321 632 πελάταις,
344 558 412 613 τῶν
435 544 466 613 δ’
484 548 595 612 άλλων
618 550 764 612 πολιτῶν
782 555 853 624 τοῖς
874 546 936 629 μέν
959 545 1177 630 βουλομένοις

152 654 300 740 μετέχειν
317 665 375 739 τῆς
398 655 570 739 στρατείας
592 651 648 720 ἐπὶ
668 655 815 740 σωτηρίη
832 662 890 738 τῆς
908 654 1069 738 πατρίδος
1085 677 1177 738 γινο-

153 762 254 847 μένης
290 757 366 827 ὅσια
401 754 488 827 εἶναι
523 762 564 826 τδι
600 761 684 845 πρὸς
719 760 837 845 θεούς,
873 769 943 838 τοῖς
980 759 1011 824 δ’
1042 759 1177 844 ἐγκατα-
1209 781 1220 821 ι

73 885 144 936 2105
155 871 307 936 λείπουσι
329 870 408 945 τοὺς
429 865 577 946 ὑπάτους
600 866 769 933 τάναντία.
803 853 848 944 ὡς
871 863 902 932 δ’
920 866 1119 953 ἀνεγνώσθη
1138 870 1176 934 τὸ
1195 868 1216 932 3

154 966 262 1060 δόγμα
283 985 341 1059 τῆς
363 978 488 1058 βουλῆς
510 972 548 1040 ἐν
571 980 665 1060 (τῇ)
689 972 860 1062 ἐκκλησίᾳ,
888 974 1007 1040 πολλοί
1033 975 1089 1040 καλ
1116 985 1176 1041 τοῦ

154 1083 262 1167 δήμου
298 1083 358 1148 τὸν
395 1081 508 1166 ἀγῶνα
545 1080 677 1159 ἑκόντες
712 1079 908 1164 ὑπέμειναν·
945 1082 978 1148 ολ
1014 1082 1076 1164 μὲν
1107 1080 1177 1148 ἐπι-

154 1189 334 1256 εικέστατοι
357 1187 401 1254 δι’
420 1189 595 1274 αἰσχύνην,
621 1189 651 1257 εί
673 1189 778 1273 μηδὲν
800 1185 1060 1274 έπικουρήσονσι
1082 1191 1178 1256 πόλει

154 1297 311 1385 συμμάχῳ
342 1297 398 1362 διά
427 1297 489 1380 τὴν
518 1297 602 1382 πρὸς
632 1295 755 1372 αὐτοὺς
784 1297 921 1362 εὔνοιαν
949 1294 1003 1362 ἀεί
1030 1319 1062 1361 τι
1094 1299 1177 1383 πρὸς
1196 1319 1222 1358 ιο

153 1413 220 1468 τῶν
252 1401 386 1489 ἐχθρῶν
418 1402 642 1493 βλαπτομένη·
674 1401 712 1468 ἐν
744 1395 795 1480 οἷς
825 1400 869 1488 ἦν
900 1404 956 1469 καί
989 1403 1008 1469 δ
1040 1405 1178 1482 Σίκκιος

153 1508 280 1586 ἐκεῖνος
309 1509 327 1575 ὁ
357 1513 584 1595 κατηγορήσας
613 1508 651 1576 ἐν
680 1520 726 1598 τῷ
759 1511 851 1598 δήμῳ
884 1521 951 1576 τῶν
984 1526 1177 1595 σφετερισα-

153 1615 264 1698 μένων
291 1618 353 1700 τὴν
382 1617 546 1701 δημοσίαν
574 1627 650 1702 γῆν,
680 1627 821 1703 σπεῖραν
850 1617 1054 1703 ἐπαγόμενος
1083 1617 1177 1684 ὀκτα-
1291 1673 1294 1679 .

154 1724 279 1788 κοσίυν
314 1724 459 1810 ἀνδρῶν,
496 1725 531 1789 οἳ
566 1724 807 1811 στρατεύεσθαι
842 1725 913 1807 μὲν.
941 1725 1052 1792 οὐκέτι
1086 1725 1177 1813 ὥραν

155 1823 256 1914 εἶχον,
297 1830 407 1917 ὥσπερ
444 1828 517 1897 οὐδ’
551 1829 692 1916 ἐκεῖνος,
733 1828 807 1898 οὐδ’
839 1829 978 1899 ἔπιπτον
1016 1831 1083 1899 ὑπὸ
1118 1835 1177 1912 τδις
1196 1854 1222 1894 1⁶

155 1936 299 2021 ἀνάγκας
321 1949 389 2004 τῶν
411 1941 535 2023 νόμον,
549 1950 721 2032 ,τιμῶντες
744 1939 782 2005 δέ
805 1941 865 2006 τὸν
888 1941 996 2026 ἀνδρα
1019 1941 1075 2006 διδ
1097 1945 1178 2006 πολ-

154 2044 213 2121 λάς
235 2045 291 2110 καί
312 2046 455 2130 μεγάλας
478 2043 683 2133 εὐεργεσίας,
706 2043 853 2124 ἐξιόντος
876 2044 930 2112 ἐπί
952 2049 1013 2113 τὸν
1031 2049 1178 2130 πόλεμον

154 2149 215 2216 οὐκ
237 2149 436 2219 ἐδικαίωσαν
459 2153 709 2220 ἀπολείπεσθαι.
752 2153 808 2219 καί
830 2149 874 2236 ἦν
896 2161 995 2218 τοῦτο
1018 2155 1055 2219 τὸ
1079 2153 1217 2240 μέρος4

153 2267 211 2341 τῆς
243 2255 444 2344 ἐξελθούσης
475 2263 548 2326 τότε
581 2259 754 2342 δυνάμεως
785 2258 938 2347 ἐμπειρία
969 2282 1004 2325 τε
1037 2260 1177 2344 ἀγώνων

153 2364 209 2429 καί
240 2373 280 2450 τῇ
312 2367 402 2452 παρά
433 2368 473 2432 τά
505 2367 600 2431 δεινά
632 2365 789 2454 εὐτολμία
824 2377 939 2453 μακρῶ
975 2375 1036 2432 τοῦ
1073 2368 1176 2434 άλλου
1195 2389 1221 2428 ιο

154 2471 298 2553 άμεινον.
354 2473 387 2538 ολ
418 2472 457 2537 δὲ
488 2472 606 2538 πολλοὶ
637 2472 747 2558 χάριτι
778 2473 834 2539 καί
869 2478 1073 2560 παρακλήσει
1109 2488 1177 2547 τῶν

73 2595 144 2644 2106
154 2579 391 2664 πρεσβυτάτων
413 2577 621 2664 ὑπαχθέντες
645 2579 787 2647 εἵποντο.
832 2577 876 2665 ἦν
899 2580 940 2647 δέ
959 2606 991 2647 τι
1014 2582 1127 2670 μέρος,
1158 2583 1175 2648 ὃ

153 2696 221 2751 τῶν
253 2686 424 2772 ὠφελειῶν
456 2685 552 2752 ἕνεκα
582 2696 651 2752 τῶν
682 2685 721 2753 ἐν
756 2697 829 2766 ταίς
865 2691 1049 2775 στρατείαις
1086 2714 1177 2774 γινο-

155 2791 265 2875 μένων
287 2793 396 2860 πάντα
417 2794 581 2860 κίνδυνον
604 2793 737 2877 ἕτοιμον
758 2791 803 2880 ἦν
824 2793 1014 2879 ὑπομένειν.
1050 2797 1106 2862 καί
1129 2796 1173 2862 δι’

156 2899 271 2984 ὀλίγου
300 2903 425 2988 χρόνον
456 2901 597 2985 δύναμις
626 2899 747 2988 ἐξῆλθε
776 2906 900 2987 πλήθει
932 2925 967 2968 τε
999 2901 1177 2989 ἀποχρῶσα
1195 2923 1221 2964 ιι

154 3007 211 3072 καί
232 3018 456 3094 παρασκευαῖς
478 3009 661 3095 κεχρημένη
685 3009 936 3096 λαμπροτάταις.
979 3010 1011 3076 ολ
1031 3003 1152 3092 μὲν
1114 3033 1177 3074 ουν
1195 3010 1216 3074 5

226 3133 241 3182 ’ί
274 3133 308 3202 τῇ
340 3130 405 3184 εδδ.
433 3131 537 3186 Reiske
624 3137 658 3186 10
692 3148 745 3201 σνμ
726 3131 784 3202 μμά
802 3151 842 3186 ων
873 3131 896 3185 Β
936 3132 940 3203 (
982 3129 1099 3194 δαυτοδς
1130 3131 1177 3185 Ba

156 3205 189 3254 15
216 3195 280 3273 (είχ
281 3200 335 3274 ov>
361 3202 384 3255 B
462 3198 539 3256 λθ
522 3223 557 3272 ην
583 3203 614 3258 δέ
640 3200 691 3257 καί
714 3223 742 3258 τι
801 3222 849 3272 ρος
874 3201 962 3257 Cobet
987 3201 1097 3272 Obsp
1099 3207 1176 3257 ,198

156 3273 191 3324 26
174 3224 631 3428 ⁶2⁸x0⁷1125v110055⁷10w115ffi0
646 3274 819 3346 Grasberger
837 3273 937 3328 Philol.
953 3277 1015 3344 28(
1005 3277 1096 3344 (1869)
1116 3279 1176 3340 847,

155 3341 327 3468 ἱῖάέἐάάϋ
313 3344 579 3472 Ιιυοευιθππάέάιελ
590 3351 761 3472 διαδεξάτω
769 3341 1039 3484 moggwfflmgss
1055 3317 1178 3471 soffl

157 3485 297 3539 sententia
315 3486 388 3540 nihil
405 3489 573 3542 mutandum
591 3493 635 3544 est
787 3435 806 3487 p
1062 3434 1081 3484 q
