2656 3932
188 219 251 284 142
604 245 637 254 ·-
675 218 715 268 M
753 243 785 254 -

185 352 366 428 τυροῦντες
397 353 465 408 τῶν
497 339 629 427 έτέρων,
665 343 739 406 τότε
770 340 916 406 Λεύκιον
950 335 1136 424 Οὐαλέριον
1168 336 1210 403 έν

186 459 256 526 τοῖς
278 448 427 534 ἐσχάτοις
449 446 602 531 ἐκάλουν,
625 447 666 512 ὃν
689 445 776 532 έφην
799 447 905 524 εὐθὺς
926 444 965 512 ἐν
987 443 1103 531 ἀρχαίς
1126 448 1209 528 βου-

187 557 328 638 λόμενόν
346 578 378 619 τι
401 554 510 639 λέγειν
527 559 739 622 κεκωλῦσθαι
761 555 845 641 πρὸς
867 554 987 622 αὐτῶν.
1024 553 1042 619 ὁ
1066 551 1104 618 δὲ
1127 551 1210 617 ἀνα-

146 664 266 740 2στδις
292 662 465 740 τοιούτους
492 661 646 747 διεξῆλθε
674 663 807 746 λόγους·
836 663 904 746 Ῥην
933 659 994 744 μέν
1023 658 1210 742 ἐπιβουλὴν
1219 675 1287 725 2201

156 780 254 835 ττών
286 769 365 835 δέκα
396 769 509 855 ὁρᾶτε,
546 765 572 835 ώ
604 767 756 854 πατέρες,
793 769 827 833 οἳ
857 766 929 834 κατ’
955 766 1057 852 ἀρχάς
1088 764 1118 830 τ’
1144 766 1210 831 οὐκ

187 875 370 962 έπέτρετγάν
392 901 449 960 μοι
471 876 581 960 λέγειν
604 877 666 943 ὅσα
688 875 903 965 προῃρούμην
923 875 1007 960 πρὸς
1029 873 1128 957 ὑμᾶς,
1151 873 1210 938 καί

186 992 252 1050 νῦν
274 981 312 1048 ἐν
339 994 409 1062 τοῖς
435 983 590 1061 ὑστάτοις
613 981 842 1048 ἀποδεδώκασι
870 982 972 1064 λόγον
995 979 1209 1064 ἐνθυμηθέν-

186 1111 254 1173 τες,
282 1090 363 1176 ὅπερ
391 1092 493 1174 εἰκός,
521 1091 572 1156 ὅτι
597 1099 639 1176 τῇ
666 1111 701 1155 τε
724 1087 898 1154 Κλαυδίου
924 1087 1039 1178 γνώμη
1061 1086 1210 1174 προσθέ-

187 1219 286 1279 μενος
317 1197 419 1262 οὐδὲν
450 1198 611 1282 ὠφελήσω
643 1197 681 1261 τὸ
712 1197 829 1261 κοινὸν
860 1194 984 1279 ὀλίγων
1014 1194 1097 1280 αὐτῇ
1127 1211 1210 1260 συν-

144 1329 170 1368 ιο
188 1305 380 1390 ειρηκότων·
417 1302 533 1390 ἑτέραν
569 1327 604 1368 τε
640 1303 778 1387 γνώμην
814 1303 904 1387 παρά
939 1303 998 1379 τάς
1034 1300 1211 1387 εἰρημένας

188 1410 301 1488 αὐτοῖς
319 1410 591 1496 ἀποφηνάμενος,
609 1409 673 1475 κάν
690 1411 731 1475 τὰ
748 1409 906 1495 κράτιστα
923 1408 1118 1493 ἀποδῶμαι,
1136 1409 1209 1474 δια-

148 1521 285 1603 3κενῆς
316 1517 559 1604 έρραψφδηκώς
589 1513 712 1599 ἔσομαι.
768 1516 988 1602 εὐαρίθμητοι
1020 1516 1084 1601 γάρ
1120 1515 1211 1594 τινές

188 1627 275 1690 εἰσιν
306 1626 340 1690 οί
370 1622 440 1707 μετ’
466 1622 523 1706 ἐμὲ
559 1623 834 1708 ἀναστησόμενοι,
871 1622 930 1701 οὓς
966 1621 1026 1688 ἐάν
1061 1624 1211 1700 ἀπαντας

189 1731 425 1815 ὁμογνώμονας
448 1732 553 1815 λάβω,
575 1733 610 1796 τί
630 1732 806 1816 γενήσεταί
826 1754 883 1812 μοι
902 1729 1005 1795 πλέον
1026 1730 1107 1796 οὐδὲ
1129 1736 1211 1796 πολ-

145 1859 171 1902 ιι
190 1839 312 1922 λοστὴν
334 1835 442 1916 ἕξοντι
464 1847 585 1923 μοίραν
607 1848 674 1902 τῶν
695 1839 873 1924 Κορνηλίῳ
897 1838 1210 1922 συναγορευόντων;

190 1944 230 2012 οὐ
257 1947 323 2030 μην
350 1943 415 2028 ἐγώ
443 1941 544 2010 ταῦθ’
564 1944 783 2030 ὑφορώμενος
813 1942 943 2027 ὀκνήσω
973 1945 1035 2028 την
1064 1943 1210 2027 έμαυτοῦ

189 2053 325 2136 γνώμην
348 2053 463 2118 εἰπεῖν.
509 2051 676 2136 ὅτανγὰρ
699 2050 862 2135 ἀκούσητε
884 2049 1030 2133 πάντων,
1057 2049 1112 2136 ἐφ’
1129 2050 1212 2134 ὑμίν

149 2156 281 2225 4ἒσται
307 2161 348 2224 τὰ
374 2159 532 2245 κράτιστα
558 2156 702 2224 ἑλέσθαι.
749 2157 825 2243 περί
852 2157 913 2240 μὲν
941 2152 1004 2223 οὖν
1031 2169 1089 2244 τῆς
1115 2160 1212 2224 δεκα-

190 2267 341 2352 δαρχίας,
360 2265 401 2331 ὃν
418 2268 544 2351 τρόπον
563 2263 762 2348 ἐπιμελεῖται
779 2274 847 2331 τῶν
865 2275 999 2348 κοινῶν,
1018 2265 1080 2332 ὅσα
1098 2267 1212 2332 Κλαύ-

145 2395 172 2434 ιο
190 2373 261 2450 διος
280 2372 297 2438 ὁ
317 2371 486 2456 βέλτιστος
508 2366 594 2456 είπε,
617 2372 673 2436 καί
695 2370 768 2454 ἐμοὶ
786 2374 944 2454 νομίσατε
962 2373 1133 2458 εἰρῆσθαι,
1154 2372 1212 2436 καί

191 2480 242 2545 ὅτι
264 2480 316 2543 δεί
338 2478 415 2555 νέας
437 2479 540 2565 ἀρχὰς
563 2479 820 2566 ἀποδειχθῆναι,
843 2479 924 2564 πρίν
945 2477 967 2562 ἣ
990 2479 1027 2543 τὸ
1051 2477 1211 2564 περὶτοῦ

191 2584 336 2667 πολέμου
359 2585 519 2669 γενέσθαι
541 2589 709 2671 ψήφισμα·
731 2587 787 2652 καί
809 2587 873 2672 γάρ
896 2581 1000 2650 ταῦτα
1020 2577 1146 2670 εἴρηται
1164 2595 1286 2673 τῷεεοε

151 2691 291 2777 δάνδρί
316 2693 398 2757 κατά
425 2693 463 2757 τὸ
490 2691 672 2775 βέλτιστον.
719 2691 791 2758 έπελ
818 2693 856 2758 δὲ
883 2695 1072 2778 Κορνήλιος
1099 2692 1146 2768 είς
1172 2693 1211 2757 τὸ

192 2797 360 2864 ἀδύνατον
383 2797 523 2882 ἀπάγειν
546 2797 698 2884 ἐπειρᾶτο
721 2801 783 2885 την
805 2799 943 2884 γνώμην
965 2800 1110 2876 πολλοὺς
1132 2800 1212 2874 τοὺς

148 2926 174 2966 ει
191 2903 311 2988 μεταξὺ
333 2906 477 2990 χρόνους
499 2903 699 2990 ἀποφαίνων
716 2916 788 2984 ταίς
807 2911 990 2983 πολιτικαῖς
1008 2907 1212 2987 οἰκονομίαις

191 3011 435 3096 γενησομένους
453 3010 490 3078 ἐν
508 3013 623 3099 χερσίν
642 3013 739 3091 ὄντος
757 3023 816 3078 τοῦ
835 3012 997 3096 πολέμου,
1019 3011 1075 3078 καί
1095 3011 1212 3098 χλευά-

265 3195 279 3242 1
299 3185 470 3258 γαλέριονΟ
545 3196 577 3244 11
597 3190 683 3260 αὐτῆς
700 3191 722 3243 L
745 3191 842 3252 αὐτοῖς
860 3190 886 3243 R
906 3185 991 3251 αὐτὸς
1009 3187 1133 3242 Sintenis
1151 3187 1211 3241 Em.

193 3259 275 3314 Dion.
289 3259 315 3312 Π
329 3265 363 3314 25
419 3267 452 3315 12
472 3260 674 3330 έρραψωδικώς
692 3261 717 3315 V
773 3266 806 3314 16
826 3261 859 3315 οὐ
878 3261 932 3330 μὴν
951 3259 1004 3329 ἐγώ
1023 3278 1053 3328 γε
1072 3275 1095 3312 ε.
1111 3257 1213 3312 Garrer

194 3329 259 3384 obs.
278 3348 305 3398 p.
322 3336 355 3384 39
430 3337 462 3386 1⁷
482 3333 619 3401 ἀκούσητε
640 3333 753 3387 πάντων
772 3331 821 3385 LV
845 3333 998 3398 ἀκοίσηται
1017 3329 1053 3384 τὰ
1071 3328 1165 3384 πάντα
1183 3329 1213 3382 Μ

195 3406 228 3455 18
248 3400 345 3456 &ono
369 3401 446 3457 ἔσται
465 3402 588 3473 Sylburg
615 3403 618 3476 λ
646 3400 838 3473 δεκαρχίαςΟ
862 3397 1050 3470 δεκαδαρχίας
1070 3400 1213 3471 Kiessling

195 3476 229 3526 20
247 3473 296 3526 καί
315 3472 376 3542 ἐμοὶ
395 3474 429 3527 cf.
449 3475 514 3530 Aar.
534 3475 630 3545 Progr.
650 3492 677 3542 p.
694 3480 727 3528 14
