2654 3916
173 210 239 276 318
602 213 771 264 -K-

174 336 259 422 ράγη
282 337 320 401 τό
342 335 414 402 κατ’
431 335 555 413 αὐτοὺς
576 334 676 422 μέρος
698 347 757 421 τῆς
779 336 961 421 φάλαγγος,
984 337 1065 403 οὑδὲ
1083 339 1117 404 ol
1135 341 1199 424 την

173 445 318 528 πλησίον
335 443 447 508 αὐτῶν
465 443 624 526 λαβόντες
642 441 760 509 στάσιν
779 449 979 529 Ταραντῖνοι
998 444 1198 530 παρέμενον,

174 549 258 616 άλλά
290 548 507 636 ἐντρέψαντες
538 549 686 616 κάκεῖνοι
722 551 762 616 τά
797 563 888 618 νῶτα
923 562 993 629 τοῖς
1027 554 1198 635 πολεμίοις

174 653 328 742 ἔφευγον.
371 657 445 722 Am.

143 783 156 824 ε
246 761 303 830 ΠΙ.
323 767 486 842 Βασιλεὺς
508 764 547 830 δὲ
569 765 708 850 Πύρρος
731 765 776 842 ὡς
798 761 935 850 ἔμαθεν,
958 765 1010 831 ότι
1030 766 1199 832 Λευκανοί

174 870 231 936 καί
258 869 410 956 Βρέττιοι
438 871 494 937 καὶ
526 877 726 956 Ταραντῖνοι
756 872 921 957 φεύγουσι
951 873 1199 958 προτροπάδην,

174 977 231 1044 καί
261 978 443 1062 λελάβηται
471 979 509 1044 τὸ
539 980 611 1044 κατ’
634 977 783 1056 ἐκείνους
812 978 911 1062 μέρος
937 980 958 1064 η
987 978 1132 1065 φάλαγξ,
1163 978 1200 1046 ἐκ

175 1095 233 1169 τῆς
259 1081 338 1150 καθ’
357 1083 478 1151 ἑαυτὸν
501 1084 574 1170 ἴλης
600 1084 700 1170 μέρος
726 1108 759 1150 τι
783 1086 955 1169 παραδοὺς
977 1085 1102 1171 έτέροις
1123 1087 1200 1172 ἡγε-

175 1193 268 1275 μόσι,
303 1191 360 1258 καί
396 1191 462 1256 άπὸ
498 1201 559 1258 τοῦ
591 1190 702 1270 δεξιοῦ
734 1191 872 1278 κέρατος
907 1191 1041 1278 ἑτέρους
1080 1195 1199 1279 ἱππεῖς,

130 1318 157 1359 ιο
176 1298 278 1377 ὅσους
303 1298 472 1382 ὑπέλαβεν
493 1295 620 1384 ἀρκεῖν,
647 1298 842 1365 ἀποστέλλει
866 1303 1018 1384 βοηθοὺς
1040 1309 1110 1378 τοῖς
1132 1300 1199 1366 ὑπὸ

175 1415 243 1474 τῶν
266 1403 433 1489 Ῥωμαίων
461 1405 683 1489 διωκομένοις.
729 1405 767 1472 έν
794 1398 845 1484 οἷς
875 1407 913 1473 δὲ
940 1416 1044 1472 ταῦτα
1071 1405 1199 1492 ίγίνετο

175 1514 326 1598 χρόνοις,
356 1513 445 1598 παρὰ
473 1521 534 1578 τοῦ
565 1513 741 1596 δαιμονίου
769 1517 912 1599 βοήθεια
938 1523 1009 1592 τοῖς
1032 1511 1201 1596 Ῥωμαίοις

135 1617 314 1704 2ἔκδηλος
340 1621 475 1703 γίνεται.
491 1671 506 1680 -.
522 1623 685 1686 Δαυνίων
711 1621 774 1706 γάρ
802 1643 891 1698 τινες
918 1619 955 1686 έιι
982 1623 1109 1699 πόλεως
1129 1623 1201 1708 Ἀρ-

176 1728 365 1810 γυρῖππων,
392 1726 436 1810 ἦν
458 1733 524 1791 νῦν
538 1724 686 1809 ’Ἁρπους
707 1733 862 1812 καλοῦσι,
890 1729 981 1807 πεζοι
1003 1728 1065 1810 μὲν
1087 1751 1200 1814 τετρα-

132 1851 158 1892 ιε
176 1834 344 1918 κισχίλιοι,
369 1833 478 1910 ἱππεῖς
501 1832 539 1898 δὲ
561 1833 648 1919 ἀμφὶ
665 1836 744 1912 τοὺς
762 1836 1006 1920 τετρακοσίους,
1028 1833 1201 1921 ἐπίκουροι

176 1949 247 2017 τοῖς
273 1938 412 2018 ὑπάτοις
439 1937 694 2026 ἀποσταλέντες,
724 1941 769 2018 ὡς
796 1939 951 2026 ἐγένοντο
974 1944 1119 2026 πλησίον
1140 1950 1201 2008 τοῦ

177 2050 352 2130 βασιλικοῦ
376 2047 603 2134 στρατοπέδου
625 2050 688 2134 τὴν
705 2049 788 2114 κατὰ
810 2048 919 2114 νότου
942 2058 1011 2114 τῶν
1034 2051 1201 2132 πολεμίων

178 2155 328 2238 ἄγουσαν
360 2153 442 2220 ὑδδν
473 2154 539 2220 άπὸ
571 2155 779 2238 ταύτομάτου
816 2156 1037 2240 πορευόμενοι
1056 2143 1128 2222 ’καὶ
1162 2157 1201 2221 τό

177 2261 296 2326 πεδίον
333 2255 425 2327 είδον
461 2263 583 2344 μεστὸν
620 2261 822 2348 ἀνθρώπων,
858 2261 975 2346 ὀλίγον
1011 2260 1202 2348 ἐπισχόντες

133 2389 159 2430 εο
179 2367 301 2434 αὑτόδι
327 2369 452 2452 χρόνον
478 2368 534 2434 καί
562 2371 742 2453 λογισμοὺς
768 2369 1003 2446 παντοδαποὺς
1033 2372 1202 2454 λαβόντες,

178 2476 392 2558 καταβαίνειν
414 2473 476 2556 μέν
499 2473 564 2542 άπὸ
587 2485 654 2542 τῶν
677 2477 850 2562 μετεώρων
872 2476 928 2542 καλ
956 2476 1202 2560 συλλαμβάνειν
1281 2506 1284 2512 ·

178 2590 237 2666 τῆς
259 2581 364 2665 μάχης
386 2579 595 2668 ἀπέγνωσαν,
619 2583 696 2648 οὑτε
719 2583 784 2668 ὅπη
807 2606 839 2648 τι
862 2585 979 2669 φίλιόν
1001 2581 1093 2648 έστιν
1116 2583 1203 2649 είδό-
1269 2581 1275 2593 ’

179 2710 232 2765 τες
270 2687 348 2753 οὑτε
384 2688 449 2772 ὅπη
486 2688 656 2774 πολέμιον,
693 2691 765 2756 οὔτ’
796 2688 833 2756 έν
865 2681 893 2778 ιβ
924 2691 1034 2778 χωρίῳ
1066 2688 1203 2768 στάντες

180 2794 346 2882 ὠφέλειάν
381 2817 457 2860 τινα
493 2794 673 2881 παρέξουσι
709 2806 780 2874 τοῖς
816 2796 989 2882 σφετέροις
1020 2795 1204 2878 δυνάμενοι

133 2921 160 2963 εε
181 2905 373 2986 συλλαβεῖν,
402 2901 580 2988 κράτιστον
609 2903 648 2969 δὲ
676 2902 847 2988 ὑπέλαβον
875 2897 961 2970 εἶναι
989 2903 1203 2987 περιστάντες

181 3008 218 3075 τὸ
251 3009 477 3094 στρατόπεδον
508 3020 577 3075 τῶν
607 3013 775 3094 πολεμίων
802 3009 937 3095 ἐξελεῖν,
969 3009 1014 3086 ὡς
1040 3010 1138 3076 αὑτοί
1168 3033 1203 3076 τε

180 3116 306 3192 πολλάς
328 3115 384 3181 καλ
406 3117 508 3194 καλάς
529 3115 658 3195 ἕξοντες
676 3117 847 3204 ὠφελείας,
871 3119 901 3184 εδ
918 3121 1118 3204 κρατήσειαν
1135 3127 1204 3183 τῶν

253 3332 269 3381 2
288 3323 430 3400 λαβόντες]
450 3324 581 3399 λαχόντες
599 3346 622 3384 ο.
637 3328 740 3384 Mffller
798 3335 815 3386 8
834 3328 941 3384 ἔαυτόν
959 3329 1034 3400 είλης
1052 3330 1118 3384 Αλὺ.
1133 3345 1202 3385 corr.

180 3397 273 3452 Minas
347 3403 380 3452 10
403 3401 556 3471 ὑπολαβεῖν
579 3401 644 3458 Αλλε,
671 3398 809 3473 ὑπέλαβεν
831 3400 924 3454 Minas
997 3408 1031 3456 22
1053 3400 1119 3456 οὑδὲ
1137 3401 1202 3456 Αὑὺ.

181 3467 244 3523 οὑτε
263 3469 406 3541 Kiessling
478 3477 512 3526 25
532 3473 678 3544 συλλαβεῖν
696 3473 762 3529 Ath.
782 3472 932 3544 συμβαλεῖν
952 3491 975 3528 ο.
990 3473 1133 3543 Kiessling
