2662 3920
170 214 214 280 50
599 241 633 248 -
655 213 686 268 -Ῑ
722 241 755 248 -

168 340 242 424 δην,
266 339 347 424 πρὶν
365 339 513 415 ἅπαντας
530 335 753 421 ἐπιβοηθῆσαι
771 338 952 419 Λατίνους,
973 333 1191 421 ἀνέστρεψαν.

128 446 297 511 4τούτων
330 445 368 510 δέ
399 445 466 527 ἅμα
497 443 837 528 προσαγγελλομένων
868 443 934 508 ὑπό
966 465 1002 507 τε
1034 444 1193 507 Λατίνων
1203 457 1283 506 2059

168 553 223 618 καλ
250 563 319 617 τῶν
345 550 382 617 ἐκ
409 562 467 636 τῆς
494 560 647 637 φρουρᾶς
673 550 911 618 διασωθέντων
937 551 957 634 ἡ
990 549 1052 633 μὲν
1083 551 1191 633 βουλὴ

169 661 327 744 στρατιάν
354 657 532 740 ἐκπέμπειν
559 657 745 743 ἐψηφίσατο
773 659 828 724 καλ
854 661 933 737 τοὺς
960 657 1109 734 ὑπάτους
1130 656 1192 739 άμ-

138 766 332 852 εφοτέρους
368 766 585 851 πορεύεσθαι·
626 766 660 831 ολ
700 765 739 831 δέ
779 767 855 851 περὶ
891 767 951 831 τὸν
990 765 1193 850 Οὐεργίνιον

168 874 331 960 δήμαρχοι
358 872 507 956 πέμπτον
535 869 607 948 ἐτος
634 869 689 937 ἐπὶ
715 881 774 956 τῆς
799 872 900 956 αὐτῆς
923 873 1017 949 ὄντες
1039 869 1193 950 ἐξουσίας

168 980 326 1065 ἐκώλυον,
354 981 465 1065 ὥσπερ
493 980 548 1044 καλ
571 977 609 1044 ἐν
631 987 701 1056 τοῖς
723 981 888 1065 πρότερον
910 977 1049 1045 ἐποίουν
1072 976 1191 1063 ἐτεσιν,

168 1086 376 1170 ἐνιστάμενοι
394 1097 466 1164 ταῖς
485 1087 735 1172 στρατολογίαις
757 1096 825 1152 τῶν
847 1085 994 1170 ὑπάτων,
1016 1086 1077 1151 τὸν
1097 1084 1192 1164 ἐντὸς

167 1197 297 1279 τείχους
325 1206 459 1280 πρῶτον
486 1191 657 1271 ἀξιοῦντες
684 1197 915 1278 καταλυθῆναι
941 1195 1088 1276 πόλεμον
1110 1193 1192 1258 άπο-

124 1323 150 1362 ιο
169 1302 329 1386 δοθείσης
356 1313 402 1388 τῷ
433 1302 525 1389 δήμφ
554 1311 612 1385 τῆς
641 1300 717 1384 περὶ
746 1308 806 1365 τοῦ
836 1301 942 1382 νόμου
971 1301 1191 1385 διαγνώσεως,

169 1407 209 1472 ὃν
232 1407 316 1494 ὑπὲρ
343 1419 401 1493 τῆς
426 1409 596 1494 ἰσηγορίας
624 1406 809 1493 εἰσέφερον,
838 1408 856 1473 ὅ
884 1431 919 1472 τε
947 1408 1050 1492 δῆμος
1077 1409 1192 1486 αὐτοῖς

169 1515 398 1598 συνελάμβανε
416 1517 562 1591 πολλοὺς
580 1516 662 1580 κατὰ
680 1524 737 1598 τῆς
760 1518 884 1598 βουλῆς
902 1515 957 1579 καὶ
980 1512 1192 1600 ἐπιφθόνους

128 1621 149 1685 5
169 1619 329 1700 διεξιοῦσι
357 1623 486 1704 λόγους.
532 1619 712 1704 ἑλκομένου
741 1621 779 1686 δέ
803 1630 863 1686 τοῦ
887 1624 1012 1708 χρόνου
1035 1622 1091 1688 καλ
1114 1623 1192 1688 οὔτε

168 1739 236 1793 τῶν
268 1728 405 1794 ὑπάτων
436 1727 674 1810 ὑπομενόντων
705 1731 956 1813 προβουλεῦσαί
985 1752 1020 1794 τε
1051 1729 1107 1794 καλ
1144 1732 1193 1808 είς

125 1855 150 1895 τε
169 1836 229 1900 τὸν
252 1836 359 1920 δῆμον
381 1833 565 1919 ἐξενεγκεῖν
587 1837 647 1901 τὸν
669 1837 787 1919 νόμον,
814 1836 891 1901 οὔτε
917 1846 985 1901 τῶν
1013 1837 1192 1924 δημάρχων

170 1952 382 2028 συγχωρῆσαι
422 1942 638 2025 βουλομένων
678 1945 739 2028 την
779 1945 998 2028 καταγραφὴν
1033 1944 1089 2010 καλ
1130 1947 1192 2030 τὴν

169 2046 286 2126 ἔξοδον
313 2060 371 2134 τῆς
398 2057 553 2135 στρατιᾶς
579 2049 754 2133 γενέσθαι,
782 2051 892 2134 λόγων
918 2073 954 2115 τε
979 2055 1114 2118 πολλῶν
1135 2053 1192 2118 καὶ

168 2167 385 2243 κατηγοριῶν,
422 2156 461 2234 ἃς
493 2155 669 2223 ἐποιοῦντο
700 2153 771 2222 κατ’
798 2155 952 2242 άλλήλων
984 2154 1021 2222 ἐν
1053 2182 1089 2223 τε
1119 2171 1192 2238 ταίς

168 2263 356 2349 ἐκκλησίαις
382 2265 438 2330 καὶ
465 2263 520 2330 ἐπὶ
547 2275 606 2349 τῆς
631 2267 756 2348 βουλῆς
780 2264 887 2348 μάτην
910 2264 1190 2354 ἀναλισκομένων,
1200 2288 1275 2337 2060

124 2389 150 2428 ιο
169 2370 263 2456 ἐτέρα
284 2395 334 2448 τις
357 2373 550 2457 ελσαχθεῐσα
572 2371 637 2436 ὑπὸ
661 2382 729 2437 τῶν
747 2371 925 2456 δημάρχων
943 2369 998 2438 ἐπὶ
1021 2383 1060 2460 τῇ
1083 2377 1191 2462 βουλῇ

169 2480 318 2542 πολιτεία
344 2479 400 2542 καλ
427 2477 726 2564 παρακρουσαμένη
753 2479 791 2543 τὸ
819 2478 1009 2565 συνέδριον,
1041 2483 1103 2566 τὴν
1130 2485 1191 2566 μέν

169 2586 242 2649 τότε
269 2583 474 2668 κατέχουσαν
499 2585 615 2650 στάσιν
638 2583 813 2669 ἐπράυνεν,
841 2583 963 2672 ἑτέρων
991 2587 1029 2652 δὲ
1057 2595 1192 2656 πολλῶν

169 2691 225 2756 καλ
251 2691 403 2775 μεγάλων
431 2688 561 2774 ἐγένετο
588 2692 881 2776 πλεονεκτημάτων
904 2695 993 2758 αἰτία
1019 2707 1065 2782 τῷ
1089 2683 1191 2786 δημφ.

169 2799 369 2883 διηγήσομαι
396 2797 434 2863 δέ
460 2797 516 2862 καλ
542 2798 668 2882 ταύτην
694 2801 756 2882 τὴν
779 2800 979 2866 δυναστείαν
1002 2801 1043 2867 ὃν
1065 2807 1192 2889 τρόπον

125 2923 150 2963 2⁵
170 2904 187 2970 ὁ
211 2906 314 2990 δῆμος
337 2902 443 2988 έλαβε.

241 3011 375 3077 XXVII.
411 3010 640 3097 Φθειρομένης
675 3014 731 3078 καὶ
767 3014 1028 3102 διαρπαζομένης
1063 3029 1121 3104 τῆς
1156 3043 1192 3085 τε

166 3116 332 3200 Ῥωμαίων
358 3121 414 3184 καλ
441 3129 508 3184 τῶν
536 3119 716 3204 συμμάχων
743 3131 818 3206 γῆς,
847 3121 903 3188 καλ
929 3134 998 3190 τῶν
1024 3127 1192 3209 πολεμίων

169 3225 214 3302 ὡς
242 3223 286 3290 δι’
307 3224 443 3312 ἐρημίας
469 3224 682 3294 ἐλαυνόντων
708 3225 779 3293 κατ’
801 3227 920 3294 ἐλπίδα
944 3240 1005 3296 τοῦ
1027 3233 1192 3316 μηδεμίαν

242 3372 256 3418 1
277 3361 453 3436 ἀνέστρεψαν
477 3384 530 3421 om.
550 3367 626 3420 ABa
699 3373 714 3419 2
735 3365 993 3437 συναγγελλομένων
1012 3370 1037 3423 Α
1109 3379 1127 3426 4
1146 3372 1191 3426 ἐκ-

170 3433 291 3506 πέμψειν
319 3439 344 3490 Α
421 3444 455 3491 23
483 3437 608 3508 μεγάλων
636 3437 881 3507 πλεονεκτημάτων
908 3437 987 3493 αἰτία
1018 3450 1068 3495 τοῦ
1101 3443 1191 3512 δήμου

170 3504 266 3576 γέγονε
285 3507 310 3562 A
374 3515 408 3564 26
427 3506 628 3580 φθειρομένης]
649 3505 804 3577 φερομένης
821 3509 847 3561 A
865 3509 900 3563 cf.
921 3509 1008 3566 Cobet
1027 3511 1093 3568 obs.
1112 3531 1139 3582 p.
1157 3521 1190 3568 16
