2668 3922
574 232 607 240 -
644 203 685 254 113
724 232 757 240 -
1110 203 1174 268 227

93 329 100 344 ”
232 331 439 416 Τραυματίας
478 328 535 394 καί
574 328 786 412 παρασχεδὸν
826 326 939 396 έλθὼν
980 327 1175 396 ἀποθανεῖν.

127 568 131 574 ·
227 541 315 610 VIH.
345 539 397 630 (8)
425 541 483 608 Ἐν
511 539 614 632 Ῥώμη
646 552 806 626 χειμῶνος
837 541 1020 625 γενομένου
1052 544 1176 630 βιαίου,

156 647 242 719 ένθοι
272 651 293 735 ἡ
326 647 479 734 ἐλαχίστη
512 649 593 733 χιὼν
624 649 828 734 κατενίφθη,
867 648 930 716 οὐκ
961 647 1105 719 έλάττων
1133 646 1177 735 ἦν

156 755 238 824 ἑπτολ
264 757 380 824 ποθῶν
406 757 444 822 τὸ
467 755 584 839 βάθος.
629 755 685 821 κοιλ
708 753 892 823 συνέπεσεν
914 754 1118 842 ἀνθρώπους
1142 779 1177 824 τε
1210 775 1222 817 τ

155 865 222 932 ὑπὸ
258 873 319 930 τοῦ
354 871 494 949 νιφετοῦ
531 863 777 952 θιαφθοιρηυαί,
800 885 893 940 τινας
930 863 987 928 καί
1027 864 1178 950 πρόβατα

156 972 263 1038 πολλά
289 971 346 1038 καί
372 980 440 1038 τῶν
467 971 579 1037 ἀλλων
601 979 732 1054 κτηνῶν
756 969 812 1036 καί
839 967 1030 1054 ὑποζυγίων
1056 979 1178 1056 μοίραν

157 1079 219 1146 οὐκ
250 1078 378 1163 ὀλίγην,
410 1078 451 1143 τὰ
481 1076 543 1162 μὲν
574 1076 641 1142 ὑπὸ
673 1085 733 1142 τοῦ
761 1085 890 1163 κρυμοῦ
921 1078 1178 1162 σφακελίσαντοι,

156 1188 197 1254 τά
224 1185 262 1252 θλ
284 1196 387 1270 νομη”ς
414 1193 472 1269 τῆς
495 1187 668 1269 συνήθους
691 1183 822 1271 ἀπορίη.
868 1182 1020 1270 δένδρων
1042 1206 1077 1252 τε
1099 1184 1217 1271 παρ-2

157 1295 329 1380 ποφόρων,
360 1292 422 1358 ὅσα
451 1292 494 1376 μὴ
524 1289 675 1376 πέφυκεν
703 1290 892 1377 ὑπερβολὰς
920 1300 1067 1376 νιφετῶν
1096 1290 1178 1357 ὑπο·
1197 1311 1223 1352 ιο

157 1399 281 1484 μένειν,
307 1400 348 1464 τὰ
374 1398 436 1481 μέν
464 1399 511 1476 είς
537 1397 631 1476 τέλος
658 1395 841 1483 έξηράνθη,
870 1398 911 1462 τά
939 1397 977 1464 δὲ
1004 1395 1179 1464 έπικοιέντα

157 1509 237 1584 τοὺς
263 1508 428 1589 βλαστοὺς
455 1506 586 1591 ἄκαρπα
613 1503 669 1572 έπί
694 1507 841 1583 πολλοὺς
866 1506 1010 1591 χρόνους
1038 1502 1178 1589 ἐγένετο.

158 1612 396 1698 σννεχόθησάν
417 1634 453 1678 τε
475 1612 621 1678 κολιῶν
643 1613 759 1678 οἰκιῶν
781 1612 902 1697 συχναί
924 1613 982 1678 καί
1006 1634 1095 1690 τινες
1123 1612 1180 1677 καί

49 1751 57 1764 ·
158 1719 434 1806 περιετράπησαν,
463 1718 603 1802 μάλιστα
633 1718 671 1785 δέ
700 1719 776 1786 ὅσαι
802 1717 839 1786 έκ
866 1729 933 1786 τῶν
961 1720 1071 1786 λίθων
1097 1720 1180 1786 κατὰ

157 1828 220 1912 την
247 1827 403 1892 θιάλυσίν
429 1848 464 1892 τε
491 1825 552 1902 κοιλΙ
574 1824 733 1912 ἀπότηξιν
759 1836 817 1912 τῆς
844 1829 964 1913 χιόνος.
1014 1835 1113 1892 τοῦτο
1141 1800 1224 1929 cb}

158 1933 268 2013 πόθος
304 1934 381 2000 οὔτε
417 1934 581 2019 πρότερόν
617 1954 697 2000 ποτε
737 1935 921 2018 γενόμενον
957 1931 995 2000 όν
1033 1934 1180 2019 ἱστορίας

158 2049 272 2128 γραφη
295 2040 372 2126 περί
394 2048 498 2106 ταῦτα
520 2041 560 2106 τά
582 2043 687 2126 χωρία
715 2043 965 2127 παρειλήφαμεν
989 2036 1067 2106 οὔθ’
1085 2038 1180 2106 ὕστε-

158 2171 221 2234 ρον
240 2147 301 2225 ἕως
318 2155 378 2213 τοῦ
399 2146 478 2213 καθ’
494 2147 579 2232 ημᾶς
601 2149 737 2232 χρόνου,
759 2148 880 2234 μετρίῳ
903 2145 945 2230 γε’
964 2169 1032 2210 τινι
1054 2147 1181 2231 βορειό-

158 2277 237 2340 τερα
263 2263 324 2320 τοῦ
351 2253 470 2337 μέσον,
496 2254 579 2318 κατὰ
602 2254 662 2318 τὸν
684 2252 769 2339 ὑπὲρ
788 2251 943 2338 Ἀθηνῶν
965 2254 1181 2338 γραφόμενον

158 2357 204 2428 όί
227 2358 475 2444 Ἑλλησπόντου
507 2359 730 2445 παράλληλον.
784 2362 858 2426 τότε
890 2359 928 2426 όέ
959 2370 1093 2445 πρῶτον
1124 2359 1224 2426 καίεο

158 2469 266 2552 μόνον
288 2463 383 2551 ἐξέβη
406 2477 464 2551 τῆς
487 2467 646 2544 εἰωθυίας
669 2466 816 2552 κράσεως
837 2468 857 2553 ἡ
881 2475 942 2533 τοῦ
969 2465 1180 2554 περιέχοντος

157 2574 259 2661 τήνδε
281 2575 343 2660 την
365 2584 430 2659 γῆν
453 2574 562 2658 φύσις.
608 2574 718 2640 Ανιόν.

230 2679 335 2748 VIIIL
365 2678 416 2768 (9)
445 2677 582 2767 Ἑορτάς
612 2676 698 2765 ἦγον
729 2682 763 2748 ol
790 2678 940 2765 Ῥωμαῖοι
971 2682 1029 2760 τὰς
1060 2686 1180 2748 καλου-

159 2788 261 2872 μένας
282 2797 323 2875 τη
347 2786 510 2875 ἐπιχωρίῳ
533 2788 660 2878 γλώττη
684 2789 857 2874 στρωμνὰς
878 2787 945 2854 ὑπὸ
968 2798 1036 2854 τῶν
1054 2791 1180 2870 Σιβυλ-

161 2897 260 2962 λείων
277 2894 514 2973 κελευσθέντες
532 2905 696 2981 χρησμῶν.
735 2897 835 2973 νόσος
857 2896 920 2981 γάρ
943 2917 993 2972 τις
1016 2893 1180 2978 λοιμώδης
1198 2914 1224 2955 τι

161 3003 322 3088 γενομένη
350 3003 559 3085 θεόπεμπτός
585 3025 621 3070 τε
648 3003 703 3071 καλ
730 3002 796 3069 ὑπὸ
823 3001 940 3088 τέχνης
962 3001 1180 3087 ἀνθρωπίνης

234 3183 250 3230 4
282 3175 456 3248 κατενείφθη
488 3181 525 3248 (=
551 3175 723 3248 κατενίφθη)
754 3177 849 3232 Ambr.
887 3173 1048 3247 κατηνέχθη
1081 3175 1180 3232 Βλοονο

163 3253 196 3302 12
216 3245 344 3318 ἐγένοντο
362 3249 458 3305 Ambr.
478 3249 492 3305 έ
509 3246 585 3306 ένετο
604 3249 703 3304 Struve
782 3255 816 3304 13
835 3246 1011 3319 *ἐμίχθησαν
1029 3248 1125 3304 Ambr.
1146 3281 1180 3289 —

161 3319 332 3390 Kiesafingio
356 3323 430 3376 όοεόο
454 3320 468 3376 έ
497 3325 610 3392 χθησαν
625 3353 659 3362 -
679 3318 840 3390 όνίφθησαν
866 3338 889 3376 ο.
911 3319 1010 3376 Struve
1038 3319 1180 3388 ἐλύθησαν

47 3428 49 3432 ,
162 3391 305 3462 Kieasling
323 3393 519 3462 συνεχύθησαν
544 3410 597 3464 ego
671 3398 704 3448 15
728 3391 867 3464 διάλυσιν]
893 3389 1024 3462 θιάχυσιν
1043 3409 1066 3447 ο.
1085 3389 1181 3446 Νεοετ

162 3463 265 3518 Mnem.
281 3468 324 3531 80,
343 3468 394 3518 258
467 3471 501 3520 22
520 3472 572 3535 γῆν
591 3461 674 3534 ἀέρος
692 3480 714 3519 ο.
729 3463 872 3534 Kiessling

968 3570 1020 3625 15*
