2662 3920
591 223 625 230 -
662 195 677 244 Ι
713 223 746 230 -
792 193 795 199 ’
1134 193 1176 258 39

158 321 219 408 δίφ
251 319 307 384 καί
338 319 415 385 ούτε
446 318 577 404 τάφρον
607 317 899 404 περιβεβλημένοις
931 318 1008 384 ούτε
1042 317 1179 403 χάρακα,

158 428 202 504 ώς
229 423 267 492 ἐν
295 427 401 513 οἰκείᾳ
427 448 462 491 τε
488 435 530 512 γη
553 427 609 491 καί
631 429 878 512 καταφρονήσει
901 433 960 490 τοῦ
984 421 1178 491 ἀντιπάλου.

157 533 486 619 παρακελευσάμενος
503 533 541 598 δὲ
563 543 633 610 τοῖς
656 529 738 617 ἀμφ’
754 533 858 598 αὐτὸν
876 528 1019 616 ἀγαθοῖς
1037 528 1179 618 ἀνδράσι
1198 535 1218 597 2

158 643 316 725 γίνεσθαι
337 651 467 726 πρῶτος
489 641 675 706 εἰσελαύνει
696 641 777 722 μετὰ
799 649 868 704 τῶν
893 637 1019 704 ἱππέων
1046 640 1094 716 εἰς
1117 641 1179 724 την

158 759 226 814 τῶν
248 749 416 831 πολεμίων
439 749 662 832 παρεμβολήν,
685 747 741 812 καί
764 747 797 812 οἰ
819 745 910 825 πεζοί
933 743 1180 824 συναλαλάξαν-
1212 769 1223 808 ι

158 861 212 932 τες
234 855 380 920 εἵποντο·
404 863 472 919 τῶν
495 853 526 918 δ’
543 855 576 920 ολ
598 853 659 935 μὲν
680 851 729 918 ἔτι
748 853 947 936 κοιμώμενοι
966 851 1180 938 ἐφονεύοντο,

159 963 192 1026 οἱ
219 959 250 1025 δ’
277 957 398 1046 ἀρτίως
421 958 636 1045 ἀνεστηκότες
658 962 714 1026 καί
737 961 820 1044 πρὸς
847 959 951 1044 ἀλκὴν
976 957 1181 1045 ἐπιχειροῦν-

61 1086 212 1146 ,εοεετες
234 1067 435 1155 τραπέσθαι,
458 1069 492 1134 οἰ
510 1067 548 1133 δὲ
570 1069 706 1144 πλείους
724 1068 906 1153 φεύγοντες
928 1064 1180 1132 ἐσκεδάννυντο.

159 1175 298 1253 ἁλόντος
325 1176 363 1242 δὲ
391 1184 452 1242 τοῦ
483 1173 709 1261 στρατοπέδου
738 1175 821 1239 κατὰ
850 1174 979 1258 πολλὴν
1009 1173 1219 1240 εύπέτειαν3

159 1282 335 1369 ἐπιτρέψας
370 1293 441 1360 τοῖς
477 1281 691 1367 στρατιώταις
724 1283 765 1346 τά
795 1284 944 1366 χρήματα
976 1281 1181 1366 ὠφελεῖσθαι
1200 1303 1226 1342 ιο

158 1391 214 1457 καί
240 1391 281 1456 τά
311 1391 445 1472 σώματα
474 1389 562 1472 πλὴν
592 1387 654 1453 ὅσα
686 1388 888 1453 Τυσκλάνων
917 1384 971 1472 ην,
1000 1389 1042 1453 ού
1072 1391 1181 1453 πολύν

159 1496 309 1562 ἐνταῦθα
336 1497 512 1581 διατρίψας
538 1496 663 1579 χρόνον
690 1492 744 1558 ἐπί
771 1495 833 1579 την
852 1490 1058 1580 Ἐχετράνων
1082 1497 1181 1561 πόλιν

159 1601 220 1686 ἦγε
242 1605 304 1686 την
326 1603 482 1685 δύναμιν,
508 1602 529 1685 ἣ
557 1603 631 1667 τότε
657 1597 701 1685 ἦν
726 1611 785 1666 τοῦ
812 1601 1034 1668 Οὐολούσκων
1058 1599 1182 1679 ἔθνους

161 1709 404 1794 ἐπιφανεστάτη
431 1731 466 1774 τε
493 1705 557 1774 κάν
584 1718 630 1797 τῷ
655 1711 818 1796 κρατίστῳ
841 1708 981 1791 μάλιστα
1003 1711 1221 1844 τόπφκει-4

160 1817 251 1902 με’νη.
307 1816 590 1902 στρατοπεδεύσας
627 1816 665 1882 δὲ
701 1818 844 1900 πλησίον
879 1822 938 1900 τῆς
969 1818 1096 1893 πόλεως
1127 1814 1181 1880 ε’πί
1200 1869 1225 1909 15

160 1925 285 2002 πολλάς
315 1923 438 2010 ἡμέρας
468 1920 539 1990 κατ’
566 1921 685 1989 ἐλπίδα
716 1931 776 1988 τοῦ
809 1923 1073 2009 προελεύσεσθαι
1104 1925 1182 1999 τούς

160 2029 261 2108 ἔνδον
284 2033 331 2108 εἰς
353 2031 472 2116 μάχην,
500 2031 544 2108 ὡς
571 2031 711 2112 οὐδεμία
738 2028 824 2120 ἐξῄει
851 2031 1002 2114 στρατιά,
1028 2032 1091 2114 την
1117 2036 1183 2114 γῆν

160 2141 273 2206 αὐτῶν
309 2135 411 2228 ἐδῄου
448 2137 640 2224 ἀνθρώπων
675 2137 799 2220 μεστην
836 2131 942 2202 οὖσαν
973 2137 1029 2202 καί
1062 2140 1183 2220 βοσκη-

160 2246 281 2328 μάτων.
327 2247 368 2310 ού
391 2247 455 2330 γάρ
478 2241 636 2330 ἔφθασαν
659 2240 965 2325 ἀνασκευασάμενοι
986 2245 1027 2308 τδι
1052 2241 1089 2309 ἐκ
1115 2253 1182 2309 τών

161 2353 274 2438 ἀγρῶν
293 2352 467 2437 αἰφνιδίου
487 2352 687 2434 γενηθείσης
707 2349 820 2427 αὐτοῖς
842 2359 901 2433 της
919 2347 1054 2434 ἐφόδου.
1091 2348 1183 2435 ἐφείς
1201 2372 1227 2411 εο

161 2460 199 2525 δὲ
228 2459 284 2525 καί
313 2467 416 2524 ταῦτα
445 2467 514 2534 τοῖς
544 2457 758 2542 στρατιώταις
787 2455 979 2542 διαρπάζειν
1009 2456 1027 2522 δ
1059 2457 1183 2540 Φάβιος

160 2567 217 2633 καί
244 2566 368 2642 πολλάς
395 2562 433 2630 ἐν
456 2572 496 2649 τη
524 2549 676 2649 προνομῇ
705 2565 880 2649 διατρίψας
906 2562 1029 2650 ἡμέρας
1056 2563 1183 2648 ἀπῆγεν

81 2686 151 2735 2043
162 2671 213 2740 ἐπ’
231 2673 326 2739 οἰκου
348 2673 410 2756 την
433 2671 586 2753 δύναμιν.
624 2670 641 2736 ὁ
666 2667 697 2735 δ’
716 2670 826 2757 ἕτερος
848 2681 916 2736 τῶν
938 2670 1075 2736 ὑπάτων
1094 2674 1182 2757 Κορ-
1201 2669 1221 2733 5

162 2785 275 2865 νηλιος
307 2777 362 2846 ἐπί
397 2780 476 2855 τοὺς
511 2776 549 2844 ἐν
577 2774 693 2866 Ἀντίφ
722 2775 900 2860 Ῥωμαίους
936 2800 971 2842 τε
1007 2777 1062 2842 καί
1098 2777 1182 2842 Οἰο-

163 2889 326 2963 λούσκους
344 2885 494 2985 ἐλαύνων
513 2883 724 2970 ἐπιτυγχάνει
747 2891 884 2971 στρατιᾷ
906 2885 970 2967 πρὸ
994 2894 1061 2949 τῶν
1080 2883 1183 2968 ὁρίων
1201 2903 1226 2944 ιι

235 3069 250 3117 3
277 3062 307 3117 δὲ
334 3062 397 3116 add.
422 3061 468 3115 Bb
551 3067 567 3115 ὃ
593 3060 642 3114 καί
666 3059 693 3114 ολ
716 3060 793 3124 πεζοί
817 3059 1003 3125 ἀλαλάξαντες
1025 3060 1050 3112 A
1083 3059 1131 3112 καί
1155 3059 1183 3112 οἱ

162 3134 239 3199 πεζοί
258 3130 309 3188 ούυ
325 3133 512 3201 ἀλαλάξαντες
528 3133 552 3186 Β
575 3132 625 3186 καλ
644 3131 672 3186 ολ
690 3132 767 3197 πεζοὶ
787 3130 1025 3197 συναλαλάξαντες
1044 3147 1066 3184 ο.
1079 3130 1182 3185 Reiske

164 3213 178 3260 7
205 3205 233 3260 ολ
258 3205 288 3260 δί
315 3203 416 3274 ἀρτίως
441 3205 645 3276 ἐπιχειροῦντες
669 3203 719 3272 καλ
743 3200 814 3268 πρὸς
837 3202 925 3272 ἀλκὴν
947 3198 1107 3271 τραπέσθαι
1133 3203 1183 3255 άν-

162 3274 307 3338 εοτακότες
322 3276 344 3331 0
357 3277 506 3344 μεεείειΒ
560 3282 576 3331 8
596 3275 747 3345 φεύγοντες
765 3273 968 3328 ἐσκεδάννυντο
982 3274 1007 3325 A
1026 3271 1146 3341 ἔφευγον
1160 3273 1183 3325 Β

164 3345 312 3411 θάλόντες
330 3347 376 3401 Ba
436 3353 468 3402 10
487 3348 522 3403 τδι
541 3347 645 3402 αδδΒ
701 3353 733 3400 11
753 3345 788 3400 τδι
807 3344 910 3400 add.B
966 3350 999 3399 18
1018 3353 1067 3399 τοῦ
1087 3343 1183 3398 όλούσ-

164 3439 221 3472 κων
239 3418 286 3472 Ba
341 3425 375 3473 14
393 3418 442 3472 καί
460 3424 498 3491 τῷ
508 3419 561 3473 AB
580 3419 654 3473 *κάν
672 3422 710 3491 τῷ
726 3433 779 3486 ego
829 3422 862 3471 15
882 3415 928 3470 ἐπὶ
948 3417 980 3470 ού
1000 3417 1061 3486 (sic)
1080 3413 1184 3477 πολλάς

163 3488 259 3543 Ννλιεε
276 3489 378 3545 Mnem.
395 3494 438 3556 30,
453 3495 504 3544 253
578 3497 612 3545 24
630 3509 680 3544 του
699 3485 798 3543 αντλου
817 3489 864 3541 Aa
