2654 3916
569 251 604 258 -
641 222 687 274 19
724 251 759 259 ·-
1109 223 1174 290 301

152 346 294 432 ξάμενον
331 345 453 432 ἑτέρων
490 346 650 430 σωμάτων
687 345 747 412 εἴτ’
773 347 937 434 ἀργύριον
970 343 1041 413 κατ’
1068 349 1176 434 άνδρα

151 455 322 541 ὁρίσαντα,
340 453 396 519 καί
414 451 674 520 ἀποδεικνύουσι
691 452 846 539 πρέσβεις
859 454 963 520 Γάιον
981 457 1175 542 Φαβρίκιον,

151 561 189 639 ὃς
220 560 362 649 ἐνιαυτῳ
394 561 494 649 τρίτῳ
525 563 690 647 πρότερον
717 560 894 627 ὑπατεύων
921 564 1091 640 Σαυνίτας
1119 562 1176 628 καί

151 669 347 745 Λευκανούς
368 667 425 733 καί
445 669 624 754 Βρεττίους
646 666 779 753 ἐνίκησε
800 668 957 753 μεγάλαις
980 668 1097 754 μάχαις
1120 669 1176 736 καί

151 775 213 860 τὴν
234 775 390 859 Θουρίων
412 776 609 861 πολιορκίαν
632 771 745 860 ἐλυσε,
767 776 823 842 καί
846 777 995 842 Κόιντον
1016 777 1176 859 Αίμίλιον
1207 797 1220 837 ι

151 883 211 947 τὸν
235 878 445 967 συνάρξαντα
471 892 517 968 τῷ
544 884 715 970 Φαβρικίῳ
741 882 798 948 καί
824 883 886 968 τὴν
908 883 1090 968 ἡγεμονίαν
1114 893 1175 950 τοῦ

157 993 366 1075 Ίῖυρρηνικοῦ
389 987 536 1071 πολέμου
560 990 698 1074 σχόντα,
719 989 776 1055 καί
800 991 954 1056 Πόπλιον
972 993 1176 1078 Κορνήλιον,

152 1093 189 1173 ὃς
211 1093 353 1181 ἐνιαυτῷ
375 1094 519 1183 τετάρτῳ
539 1097 704 1182 πρότερον
722 1095 899 1162 ὑπατεύων
917 1099 1056 1163 Κελτῶν
1073 1093 1176 1175 ἐθνος

152 1201 244 1285 ὅλον,
271 1203 350 1279 τούς
376 1200 604 1285 καλουμένους
628 1201 788 1281 Σένωνας
812 1201 991 1288 ἐχθίστους
1008 1201 1176 1287 Ῥωμαίων

69 1323 141 1374 2345
151 1307 261 1394 ὄντας,
278 1314 434 1391 πολεμῶν
449 1309 597 1386 ἅπαντας
613 1309 743 1394 ἡβηδὸν
757 1307 971 1395 κατέσφαξεν.
1004 1307 1055 1396 (6)
1073 1305 1176 1377 Ούτοι
1194 1284 1220 1412 ᾗ

151 1417 234 1502 πρὸς
267 1416 410 1501 Πύρρον
442 1416 640 1501 ἀφικόμενοι
671 1417 727 1482 καῖ
759 1415 1006 1502 διαλεχθέντες,
1040 1417 1103 1483 ὅσα
1134 1427 1174 1503 τῇ

150 1523 287 1614 τοιαύτῃ
316 1524 411 1612 χρεία
440 1523 620 1610 πρόσφορα
648 1519 702 1608 ἦν,
733 1523 778 1602 ὡς
808 1523 1011 1612 ἀτέκμαρτον
1040 1532 1175 1612 πρᾶγμα

150 1629 233 1715 τύχη
256 1629 312 1695 καί
334 1639 462 1715 ταχεῖαι
483 1639 552 1696 τῶν
569 1629 724 1713 πολέμων
742 1631 778 1697 αλ
795 1631 915 1718 τροπαί
933 1631 1074 1698 καὶτῶν
1093 1647 1175 1713 σαμε

151 1735 347 1822 βησομένων
379 1736 481 1803 ούδέν
513 1733 708 1824 ἀνθρώποις
739 1738 931 1826 προειδέναι
958 1736 1088 1828 ῥᾴδιον,
1119 1734 1171 1804 ἐπ’

151 1840 267 1934 ἐκείνῳ
303 1844 365 1929 τὴν
396 1846 593 1932 προαίρεσιν
628 1843 776 1930 ἐποίουν,
814 1845 872 1912 εἴτ’
899 1846 1063 1932 ἀργύριον
1099 1842 1175 1911 άντῖ
1194 1865 1219 1906 ιι

151 1961 219 2017 τῶν
236 1951 452 2037 αἰχμαλώτων
468 1950 624 2036 ἐβούλετο
644 1955 760 2036 λαβεῖν
776 1953 841 2017 εἴτε
860 1951 994 2038 ἐτέρους
1012 1952 1175 2036 αἰχμαλώ-

150 2079 237 2135 τους.
284 2057 335 2144 (7)
359 2059 498 2146 Πύρρος
521 2059 560 2125 δέ
581 2060 662 2141 μετὰ
684 2068 752 2123 τῶν
776 2060 885 2143 φίλων
908 2058 1214 2141 βουλευσάμενος3

152 2165 366 2250 ἀποκρίνεται
389 2165 467 2230 τάδε
491 2165 616 2241 αὐτοῖς·

223 2269 387 2354 Σχέτλιόν
416 2294 448 2335 τι
477 2279 611 2356 πρᾶγμα
640 2280 779 2355 ποιεῖτε,
811 2266 837 2336 ὦ
868 2271 988 2355 άνδρες
1013 2268 1175 2354 Ῥωμαῖοι,

152 2377 270 2461 φιλίαν
292 2376 355 2459 μὲν
378 2377 419 2442 ού
442 2378 644 2460 βουλόμενοι
666 2377 814 2458 συνάψαι
836 2379 920 2463 πρὸς
942 2375 1013 2462 ἐμέ,
1036 2379 1115 2454 τοὺς
1137 2377 1175 2443 δέ
1193 2398 1220 2438 ιο

152 2482 294 2560 άλόντας
320 2484 403 2548 κατά
430 2485 576 2566 πόλεμον
603 2481 774 2563 ἀξιοῦντες
802 2485 994 2570 ἀπολαβεῖν,
1023 2484 1078 2551 ἵνα
1105 2493 1176 2562 τοῖς

153 2591 267 2668 αὐτοῖς
299 2591 430 2668 τούτοις
461 2591 612 2674 σάμασιν
644 2592 692 2668 είς
723 2593 783 2658 τὸν
813 2588 884 2658 κατ’
912 2591 993 2676 ἐμοῦ
1029 2593 1175 2674 πόλεμον

153 2695 246 2784 ἔχητε
268 2704 423 2785 χρῆσθαι.
461 2696 532 2764 ἀλλ’
549 2699 580 2764 εί
602 2700 642 2764 τά
664 2698 822 2786 κράτιστα
844 2699 1052 2782 βουλεύεσθε
1074 2698 1175 2784 πράτ-
1193 2697 1215 2761 4

152 2827 222 2870 τειν
240 2805 296 2871 καί
318 2805 356 2871 τὸ
378 2813 475 2892 κοινῇ
499 2804 674 2893 συμφέρον
693 2804 893 2894 ἀμφοτέροις
914 2807 995 2890 ἡμῖν
1014 2813 1175 2888 σκοπεῖτε,

152 2912 366 2995 σπεισάμενοι
388 2912 448 2978 τὸν
466 2914 613 2994 πόλεμον
630 2912 690 2978 τὸν
713 2913 797 2998 πρὸς
818 2910 876 2996 ἐμὲ
897 2911 953 2977 καί
975 2913 1054 2988 τοὺς
1076 2908 1176 2994 ἐμούς
1194 2931 1219 2972 ει

225 3059 241 3106 2
269 3050 454 3108 ἀποδείκνυσι
478 3051 501 3107 Ο
530 3069 599 3108 corr,
624 3052 728 3108 Reiske
815 3057 831 3106 9
857 3050 923 3106 ὅλου
946 3051 972 3106 V
1006 3051 1009 3124 ί
1043 3048 1176 3114 Σένωνας

153 3121 271 3177 Ursinus
289 3121 408 3186 Νέυνας
422 3123 448 3178 V
461 3119 598 3187 Νέωννας
611 3123 634 3176 Ε
649 3121 763 3186 sinsus
776 3123 833 3176 ΜΡ
851 3123 886 3178 cf.
902 3121 990 3178 Cobet
1004 3121 1068 3177 0bs.
1084 3141 1112 3192 p.
1123 3128 1174 3178 216

155 3199 188 3249 10
207 3191 316 3268 πολέμῳ
330 3195 471 3265 κρατήσας
486 3193 614 3258 ἅπαντας
632 3212 655 3250 ο.
670 3195 775 3250 Reiske
831 3200 866 3248 13
884 3191 1029 3250 πόλεωνΟ
1047 3191 1175 3264 πολέμου

153 3265 271 3320 Ursinus
352 3273 385 3322 15
408 3263 572 3335 προαίρεσιν
596 3266 619 3321 Ο
644 3265 753 3334 αῖρετιν
778 3265 938 3335 Stephanus
963 3265 998 3322 uf.
1016 3265 1082 3319 XIX
1100 3271 1175 3332 14‚s

154 3335 692 3407 (18.s>sssssze1ersn1msdv.lss
722 3339 725 3409 λ
756 3337 891 3408 άρχύριον
910 3337 1003 3393 αύτῶν
1022 3337 1045 3392 0
1065 3337 1092 3391 ά.
1111 3337 1175 3392 άντλ

153 3424 176 3462 ο.
191 3407 310 3462 Ursinus
382 3413 416 3462 23
436 3408 523 3480 ἔχοιτε
543 3408 565 3464 O
585 3407 664 3479 ἐχηιε
682 3408 800 3464 Ursinus
830 3409 834 3480 λ
863 3409 1048 3481 βουλεύεσθαι
1067 3407 1090 3462 0
1110 3409 1176 3479 βου-

153 3479 268 3534 λεύεοθε
286 3477 405 3534 Ursinus
423 3481 559 3552 βούλεσθε
578 3479 702 3552 Sylburg
