2656 3932
570 218 605 226 -
642 191 682 242 ΙΑ
719 218 753 227 -
1109 189 1173 255 151

152 315 266 392 αὐτοῖς
289 317 445 380 Λατίνων
471 337 507 380 τε
534 314 590 380 καί
618 315 728 380 ἀλλων
757 315 937 400 συμμάχων
962 313 1175 400 ἐπικουρικὸν

153 422 215 487 οὐκ
240 419 378 488 ἔλαττον
403 430 464 487 τοῦ
492 426 664 487 πολιτικοῦ
692 424 855 506 πλήθους.
901 419 974 488 ἀλλ’
992 422 1094 488 οὐδὲν
1117 421 1175 487 αύ-

152 539 223 607 τοῖς
250 527 366 615 ἐχώρει
392 529 475 594 κατὰ
499 537 585 595 νοῦν
607 528 775 612 τοσαύτην
796 529 858 612 μὲν
881 530 1008 595 οἰκείαν
1030 529 1176 612 δύναμιν

152 635 384 720 ἐπαγομένοις,
407 635 573 720 τοσαύτην
592 634 629 700 δὲ
648 637 845 721 συμμαχίαν.
882 637 915 701 ολ
937 637 1002 722 γάρ
1025 635 1176 719 πολέμιοι
1194 634 1214 699 3

151 746 465 829 καταφρονήσαντες
501 742 622 825 αὐτῶν,
663 743 715 807 ὅτι
750 742 983 809 νεοσύλλεκτοι
1020 740 1107 828 ἦσαν
1143 745 1176 809 ολ
1207 763 1220 802 ε

153 853 424 935 στρατευόμενοι,
447 851 590 934 πλησίον
613 848 1020 934 ἀντεστρατοπεδεύσαντο
1040 850 1096 916 καλ
1118 851 1176 928 τάς

64 957 181 1025 22151‘
208 957 331 1041 ἀγορὰς
363 956 526 1041 ἀγομένας
558 956 752 1046 ἀφηροῦντο
785 961 948 1042 λοχῶντες
982 958 1041 1035 τὰς
1075 956 1176 1034 ὁδοὺς

152 1064 208 1130 καί
240 1062 295 1130 ἐπὶ
326 1066 496 1151 προνομὰς
528 1061 675 1142 ἐξιοῦσιν
707 1061 916 1147 ἐπετίθεντο,
947 1063 1004 1129 καί
1035 1064 1067 1130 εί
1096 1084 1176 1130 ποτε

155 1173 264 1249 λππεῖς
296 1173 343 1249 είς
374 1181 486 1257 χεῖρας
518 1167 653 1236 έλθοιεν
687 1171 823 1236 ἱππεῦσι
854 1171 910 1235 καλ
940 1171 1032 1250 πεζοί
1067 1173 1176 1250 πεζοῖς

152 1279 236 1364 πρὸς
265 1278 420 1363 φάλαγγα
447 1279 627 1362 μαχόμενοι
654 1286 804 1362 πανταχῇ
832 1275 935 1343 πλέον
958 1274 1089 1363 ἔχοντες
1115 1274 1176 1344 ἀπ·
1194 1297 1220 1338 1⁰

152 1382 267 1475 ηἐσαν,
290 1383 584 1452 ἐθελοκακούντων
603 1383 665 1449 ούκ
684 1383 807 1468 ὀλίγων
825 1382 863 1450 ἐν
881 1394 953 1462 ταῖς
972 1389 1177 1468 συμπλοκαῖς

152 1491 209 1557 καί
231 1493 308 1558 ούτε
331 1502 401 1569 τοῖς
422 1491 560 1575 ἡγεμόσι
587 1489 800 1574 πειθομένων
823 1492 900 1557 ούτε
927 1491 1027 1574 ὁμόσε
1054 1501 1176 1576 χωρεῖν

152 1608 222 1676 τοῖς
244 1601 415 1682 πολεμίοις
437 1596 660 1681 βουλομένων.
701 1598 734 1662 ολ
756 1597 818 1680 μέν
841 1592 904 1664 οὖν
927 1596 982 1664 ἐπί
1004 1596 1216 1681 Σαβίνους4

153 1706 413 1791 στρατεύσαντες
431 1702 557 1781 ἐντοῖς
575 1701 726 1770 ἐλάττοσι
748 1714 861 1782 κακοῖς
884 1704 1176 1791 σωφρονισθέντες

152 1812 284 1890 ἑκόντες
307 1810 459 1898 ἔγνωσαν
482 1809 630 1878 ἐκλιπεῖν
651 1812 712 1876 τὸν
734 1811 873 1897 χάρακα·
898 1811 955 1877 καί
976 1812 1054 1898 περί
1075 1811 1177 1895 μέσας
1194 1830 1220 1871 1⁶

151 1920 274 1997 νύκτας
298 1919 542 2004 ἀναστήσαντες
564 1918 624 1984 τὸν
648 1919 791 2004 στρατὸν
815 1916 946 2004 ἀπηγον
969 1917 1006 1984 ἐκ
1032 1930 1090 2004 τῖχς
1117 1940 1176 1985 πο-

152 2029 266 2110 λεμίας
293 2029 341 2105 είς
367 2028 430 2111 τὴν
452 2024 581 2092 ἑαυτῶν
605 2033 697 2110 φυγῇ
723 2028 959 2110 παραπλησίαν
981 2027 1176 2109 ποιούμενοι

150 2136 214 2219 τὴν
237 2131 421 2217 ἀνάζευξιν,
445 2133 505 2210 ἕως
528 2130 583 2198 ἐπί
601 2133 702 2197 πόλιν
720 2131 1022 2218 Κρουστομέρειαν,
1044 2130 1176 2216 ἥέστιν

152 2241 193 2307 ού
217 2243 331 2326 πρόσω
354 2251 412 2325 τῆς
430 2238 571 2326 Ῥώμης,Ι
590 2237 762 2322 ἀφίκοντο.
799 2239 832 2304 ολ
855 2237 885 2302 δ’
903 2237 941 2304 ἐν
960 2235 1100 2324 Ἀλγιδῷ
1118 2248 1176 2323 της

151 2349 312 2414 Αἰκανῶν
339 2349 447 2434 χώρας
473 2344 612 2428 θέμενοι
639 2345 701 2428 τὴν
728 2346 942 2430 παρεμβολὴν
969 2347 1094 2424 πολλάς
1120 2347 1176 2411 καλ
1194 2364 1220 2405 το

153 2455 250 2521 αύτολ
268 2454 492 2538 λαμβάνοντες
511 2451 577 2518 ὑπὸ
595 2461 664 2518 τών
683 2454 850 2535 πολεμίων
868 2453 995 2537 πληγὰς
1013 2453 1069 2520 καί
1087 2455 1176 2540 παρὰ

152 2564 193 2628 τά
225 2563 319 2628 ἀεινά
350 2560 463 2644 μένειν
496 2555 666 2637 ἀξιοῦντες
698 2560 743 2637 ώς
774 2557 1090 2646 ἐπανορθωσάμενοι
1118 2562 1176 2638 τὰς

153 2669 346 2746 ἐλαττώσεις
373 2667 520 2733 οἴκτιστα
542 2665 717 2752 πράγματα
739 2663 878 2733 ἔπαθον.
924 2668 1089 2751 ώσάμενοι
1111 2670 1176 2753 γὰρ
1194 2663 1215 2730 5

71 2789 143 2839 2216
153 2773 204 2841 ἐπ’
223 2776 346 2853 αύτούς
364 2776 398 2840 οῖ
415 2772 567 2856 πολέμιοι
584 2773 640 2839 καί
660 2776 739 2851 τοὺς
761 2773 970 2852 ῦποστάντας
991 2783 1053 2840 τοῦ
1076 2775 1177 2860 χάρα-

153 2905 211 2958 κος
237 2883 480 2966 καταβαλόντες
507 2878 673 2964 ἐπέβησαν
696 2890 764 2945 τῶν
787 2878 973 2966 ἐρυμάτων·
1001 2881 1057 2946 καί
1079 2902 1176 2946 κατα·
1195 2898 1220 2940 ω

155 2991 333 3073 λαβόμενοι
360 2991 398 3054 τὸ
426 2988 653 3073 στρατόπεδον
680 2986 815 3071 ὀλίγους
842 2987 904 3070 μέν
930 3010 1023 3064 τινας
1054 2985 1177 3070 ἀμυνο-

226 3169 243 3216 4
262 3163 406 3234 σύμμαχον
424 3163 468 3218 vel
487 3161 662 3232 συμμαχικὴν
681 3178 704 3216 α.
718 3161 822 3218 Reiske
882 3168 897 3216 9
916 3165 982 3232 μυεῖ
998 3166 1092 3228 πεζοῖς
1110 3162 1175 3216 add.

154 3233 298 3304 Kieusling
316 3235 365 3288 καὶ
384 3234 493 3306 φάλαγξ
546 3238 579 3287 19
600 3234 635 3301 ἀρ
655 3231 756 3289 ιάίωΟ
809 3239 842 3289 21
862 3231 917 3290 ἀπὸ
931 3243 987 3289 τῶν
1001 3231 1176 3304 πολεμίωνΙι

153 3304 233 3372 παρὰ
250 3325 274 3359 τ.
293 3305 366 3359 mli
389 3302 446 3361 ἀπὸ
470 3322 493 3360 ο.
513 3305 608 3376 Tegge
628 3254 741 3370 (ἀπιστεῖ.
761 3306 796 3360 de
814 3322 868 3359 usu
886 3322 982 3376 praep.
1003 3312 1037 3361 24
1057 3306 1090 3361 cf.
1105 3305 1175 3361 Xen.

153 3397 175 3432 r.
190 3393 219 3446 p.
234 3375 340 3500 ΙιΠίῙΗ
363 3385 432 3439 παῖς
451 3376 558 3448 πληγὰς
576 3377 669 3449 λαβὼν
688 3374 736 3432 ὑπ’
759 3377 843 3432 ἀλλον
916 3383 949 3432 22
974 3377 1176 3446 ἐπανορθωσώ-

153 3466 234 3519 μενοι
