2654 3916
144 209 212 274 300
561 209 751 262 -ΙΘ-

104 335 216 412 4ταίς
237 334 331 421 χερσί
355 335 392 399 τὸ
417 335 514 420 δόρυ·
541 334 624 399 κατὰ
646 335 707 398 τὸν
729 333 833 399 αὐτὸν
856 331 894 399 δί
916 336 1041 419 χρόνον
1064 332 1082 399 6
1105 333 1168 417 μὲν

144 447 348 525 Λεοννᾶτος,
378 441 396 506 6
426 442 597 526 προειπὼν
623 452 669 526 τῷ
692 439 820 529 Πύρρῳ
848 441 1078 526 φυλάττεσθαι
1106 441 1167 505 τὸν

145 550 267 634 ἄνδρα,
303 549 423 634 μικρὸν
457 545 616 624 ἐκνεύσας
652 547 700 624 εἰς
735 548 776 614 τὰ
812 547 936 632 πλάγια
971 547 1031 613 τὸν
1063 547 1168 612 ἵππον

145 656 249 722 αὐτοῦ
272 657 362 721 παίει
384 665 430 741 τφ
454 652 561 741 ξυστῷ
585 655 641 720 διὰ
666 665 724 739 της
751 656 907 739 λαγόνος,
935 653 953 720 6
981 654 1020 720 δὲ
1046 657 1168 740 Φερεν-

114 763 244 840 ιτανὸς
269 763 334 846 ἤδη
361 763 629 846 καταφερόμενος
655 763 716 826 τὸν
742 769 803 827 τοῦ
831 759 992 844 βασιλέως
1022 761 1078 827 διά
1106 770 1167 828 τοῦ

145 873 293 955 στήθους
325 867 474 952 ἐλαύνει,
519 869 575 934 καί
607 870 915 952 συγκαταπίπτουσι
950 877 1031 946 τοις
1055 869 1168 946 ἵπποις

105 972 336 1061 δάμφότεροι.
388 971 441 1061 (4)
476 975 542 1040 Τὸν
571 975 633 1058 μίν
663 969 727 1040 ούν
756 973 894 1057 βασιλέα
922 985 991 1041 τών
1021 991 1169 1058 σωματο-

145 1082 305 1165 φυλάκων
328 1080 346 1147 6
373 1083 568 1160 πιστότατος
596 1079 651 1147 έπί
677 1082 737 1146 τὸν
765 1081 854 1147 ἰδιον
882 1082 986 1147 ἵππον
1009 1079 1169 1165 ἀναβιβά-

145 1203 206 1266 σας
228 1186 406 1272 ἐξελαύνει,
428 1189 489 1254 τὸν
512 1188 551 1254 δὲ
569 1184 730 1272 Ὀβλάκον
748 1187 844 1275 μέχρι
861 1193 989 1254 πολλοῦ
1013 1189 1169 1273 διαγωνι-

100 1317 127 1356 ιο
145 1293 301 1378 σάμενον,
333 1291 444 1361 ἔπειτα
475 1293 542 1361 ὑπὸ
570 1298 725 1380 πληθους
752 1305 820 1361 τῶν
846 1295 1045 1382 τραυμάτων
1071 1316 1169 1360 κατα-

145 1400 352 1486 πονηθέντα,
375 1412 443 1468 τῶν
466 1401 607 1488 ἑταίρων
629 1401 718 1479 τινὲς
741 1398 901 1488 ἀράμενοι
923 1402 1069 1486 μεγάλου
1092 1401 1169 1488 περί

105 1509 125 1574 6
144 1510 205 1574 τὸν
227 1510 349 1594 νεκρὸν
372 1511 502 1593 άγώνος
524 1508 708 1592 γενομένου
732 1510 989 1593 διακομίζουσιν.
1036 1507 1073 1574 ἐκ
1094 1510 1169 1574 τότε

145 1616 183 1681 δί
212 1615 230 1680 6
260 1617 432 1698 βασιλεύς,
463 1617 519 1681 ἵνα
547 1618 591 1702 μη
622 1616 783 1701 διάσημος
812 1617 862 1702 εἰη
892 1626 962 1694 τοῖς
989 1617 1169 1699 πολεμίοις,

144 1724 207 1806 τὴν
238 1722 300 1804 μὲν
334 1722 424 1787 ἰδίαν
455 1723 622 1806 χλαμύδα,
656 1723 701 1806 ἣν
732 1721 770 1788 ἰν
801 1733 874 1801 ταίς
904 1723 1023 1808 μάχαις
1054 1722 1169 1788 εἰώθει

101 1850 126 1890 τι
146 1838 277 1914 φορεῖν,
305 1827 452 1914 ἁλουργῆ
480 1851 516 1894 τε
544 1823 650 1894 οὖσαν
672 1829 728 1894 καί
755 1833 1000 1916 χρυσόπαστον,
1026 1829 1083 1895 καί
1109 1830 1169 1894 τὸν

145 1934 309 2017 ὁπλισμὸν
327 1935 609 2022 πολυτελέστερον
627 1937 710 2001 όντα
731 1947 799 2002 τών
818 1938 928 2003 ἄλλων
948 1947 1006 2022 της
1028 1960 1064 2002 τε
1086 1935 1169 2020 ύλης

146 2041 243 2108 ἕνεκα
264 2043 321 2108 καί
342 2053 401 2128 της
423 2043 550 2129 τέχνης,
572 2045 633 2109 τὸν
651 2046 850 2110 πιστότατον
867 2055 937 2110 τῶν
955 2043 1096 2129 ἑταίρων
1113 2043 1170 2109 καί

145 2151 228 2215 κατά
254 2152 333 2227 τοὺς
361 2146 493 2234 ἀγῶνας
520 2147 758 2236 ἀνδρειότατον
785 2155 969 2235 Μεγακλην
996 2149 1169 2216 ἐκέλευσεν

146 2255 299 2342 ἐνδῦναι,
326 2258 388 2342 την
412 2257 450 2323 δί
478 2260 584 2342 φαιὰν
606 2256 738 2324 ἐκείνου
765 2258 918 2342 χλαμύδα
939 2257 995 2323 καί
1017 2258 1078 2322 τὸν
1100 2257 1170 2323 θώ-

101 2385 127 2424 οο
146 2387 231 2448 ρακα
257 2364 313 2429 καί
340 2365 402 2448 τὴν
430 2363 484 2430 ἰπί
510 2373 551 2451 τῇ
579 2370 707 2451 κεφαλῇ
737 2366 881 2430 καυσίαν
908 2364 1008 2442 αὐτὸς
1037 2359 1170 2446 ἔλαβεν·

146 2469 228 2555 ὅπερ
248 2471 356 2536 αἰτιον
375 2471 464 2558 αύτῷ
483 2481 540 2555 τῆς
559 2473 722 2557 σωτηρίας
745 2469 838 2550 ἔδοξε
860 2471 1028 2556 γενέσθαι.
1060 2471 1170 2535 Ambr.

217 2575 305 2641 ΧΠΙ.
333 2575 403 2663 (18,
421 2577 457 2663 5)
477 2573 548 2642 Ὅτι
575 2579 718 2665 Πύρρον
747 2587 808 2644 τοῦ
834 2580 1047 2663 Ἠπειρωτῶν
1076 2581 1171 2660 βασι-

146 2682 228 2760 λέως
255 2681 310 2749 ἐπί
338 2685 400 2768 τὴν
424 2681 549 2768 Ῥώμην
577 2687 736 2771 στρατιάν
765 2683 984 2770 ἐξαγαγόντος
1013 2683 1199 2768 ἐβουλεύ-’

147 2807 249 2856 σαντο
267 2791 473 2876 πρεσβευτάς
491 2787 684 2858 ἀποστεῖλαι
705 2794 785 2870 τοὺς
808 2789 1010 2870 ἀξιώσοντας
1027 2792 1170 2877 Πύρρον

102 2918 127 2959 ιτ
147 2894 382 2984 άπολυτρῶσαι
410 2899 507 2984 σφίσι
531 2903 610 2977 τοὺς
633 2900 859 2984 αἰχμαλώτους
882 2895 941 2964 εἰτ’
960 2899 1170 2965 ἀντιδιαλλα-

219 3113 252 3162 12
279 3105 311 3164 τδ
339 3105 441 3177 νεκρὸν
467 3108 563 3162 Ambr.
590 3110 663 3164 teste
690 3109 861 3180 Kiessljngio
943 3114 977 3163 13
1003 3109 1171 3178 διασῄμενος

146 3178 242 3234 Ambr.
262 3195 331 3234 corr.
351 3179 444 3233 Maius
517 3186 550 3234 16
576 3177 794 3249 λυσιτελέστερον
819 3179 914 3235 Ambr.
940 3178 1169 3248 πολυτελέστερον

147 3250 246 3304 struve
326 3256 359 3304 1⁷
386 3248 487 3319 ἑτέρων
512 3250 608 3306 Ambr.
633 3268 702 3307 corr.
727 3252 825 3307 Struve
907 3257 941 3306 20
966 3252 1017 3321 την
1043 3250 1169 3321 κεφαλὴν

145 3321 243 3377 Ambr.
258 3337 328 3376 corr.
343 3321 442 3376 S'nruve
495 3328 528 3376 22
546 3331 596 3377 τοῦ
611 3320 785 3391 Ἠπειρώτου
803 3319 937 3394 βασιλέως
954 3322 1021 3377 libri
1038 3343 1061 3378 τ.
1072 3321 1170 3376 Ἠπει-

147 3402 242 3460 ρωτῶν
257 3394 282 3464 β.
298 3392 420 3462 Sylburg
437 3401 493 3448 τῶν
507 3391 686 3463 Ἠπειρωτῶν
701 3391 834 3465 βασιλέως
848 3411 871 3448 ο.
882 3393 1054 3465 Grasberger
1067 3393 1167 3448 Philol.

148 3469 181 3518 τε
201 3466 292 3535 (1869)
312 3469 364 3518 οιο
384 3463 419 3519 cf.
439 3464 521 3520 Dion.
540 3465 604 3521 Ητι.
623 3464 687 3519 XIX
706 3471 731 3533 ο,
747 3471 761 3519 1
782 3468 836 3535 (ιι,
852 3467 896 3536 ιι)
