2662 3920
154 341 202 417 είς
228 341 288 405 τὸν
315 339 422 424 δῆμον
445 336 640 423 ἐξενεγκεῖν·
673 343 753 417 τοὺς
775 339 814 406 δὲ
836 339 1178 427 συγγραφησομένους

153 443 211 511 ὑπ’
234 447 345 512 αὐτῶν
363 448 488 530 νόμους
509 453 644 512 κεῖσθαι
666 445 704 512 ἐν
727 445 833 536 ἀγορᾷ
849 457 921 525 ταῖς
938 443 1018 514 καθ’
1041 447 1177 513 ἕκαστον

154 552 309 620 ἐνιαυτὸν
337 553 678 640 ἀποδειχθησομένας
706 553 822 640 ἀρχαῖς
850 555 906 621 καὶ
933 565 1003 632 τοῖς
1031 555 1177 632 ἰδιώταις

114 661 135 725 5
154 661 255 746 όρους
276 671 345 726 τῶν
367 663 450 748 πρὸς
473 661 637 746 ἀλλήλους
660 661 807 726 δικαίων.
848 669 970 728 τοῦτον
992 661 1177 748 προθέντες

123 769 213 833 ετὸν
244 770 350 851 νόμον
382 767 537 847 ἐξουσίαν
569 765 691 834 ἔδοσαν
723 777 793 845 τοῖς
824 767 1042 852 βουλομένοις
1072 769 1175 836 αὐτοῦ

153 885 361 961 κατηγορεῖν,
384 874 616 955 ἀποδείξαντες
639 877 701 960 τήν
723 877 840 962 τρίτην
862 875 998 961 ἀγοράν.
1033 872 1120 960 ήσαν
1138 876 1176 942 δέ

153 982 272 1048 πολλοὶ
298 983 354 1048 καλ
381 983 443 1068 οὐχ
468 984 502 1048 ολ
524 985 729 1068 φαυλότατοι
750 994 819 1048 τῶν
842 980 878 1048 ἐκ
900 991 961 1048 τοῦ
984 983 1175 1068 συνεδρίου,

152 1089 373 1176 πρεσβύτεροι
401 1090 458 1156 καλ
487 1089 575 1174 νέοι,
607 1077 785 1176 κατήγοροι
814 1098 875 1156 τοῦ
904 1091 1026 1173 νόμου,
1054 1092 1175 1176 λόγους
1185 1107 1259 1158 1990
1314 1145 1315 1176 ,

152 1195 330 1274 διεξιόντες
357 1195 394 1262 ἐκ
420 1201 545 1282 πολλῆς
572 1195 757 1279 ἐπιμελείας
783 1196 840 1263 καί
865 1207 1088 1281 παρασκευῆς·
1120 1197 1176 1263 καί
1314 1197 1315 1206 ³

107 1269 241 1398 1(Ξτοῦύ
269 1300 324 1388 ἐφ’
349 1303 473 1391 ἡμέρας
496 1302 623 1388 ἐγίνετο
647 1303 779 1389 συχνάς.
823 1300 935 1369 ἔπειτα
958 1305 991 1369 ολ
1013 1304 1176 1392 δήμαρχοι

152 1410 429 1496 δυσχεραίνοντες
451 1409 506 1477 ἐπὶ
529 1420 568 1497 τῇ
593 1411 747 1497 διατριβή
770 1419 830 1476 τοῦ
849 1412 974 1496 χρόνου
993 1414 1096 1496 λόγον
1113 1413 1175 1495 μέν

152 1517 276 1584 οὐδένα
311 1514 360 1582 ἔτι
396 1527 467 1595 τοῖς
502 1519 698 1602 κατηγόροις
734 1527 794 1583 τοῦ
828 1519 937 1600 ,νόμον
974 1518 1174 1605 προέθεσαν,

150 1623 277 1710 ἡμέραν
295 1625 333 1690 δέ
351 1622 598 1708 ἀποδείξαντες,
621 1623 659 1691 έν
676 1616 699 1714 ᾗ
719 1626 885 1710 κυρώσειν
903 1625 1008 1691 αὐτὸν
1025 1623 1174 1710 ἔμελλον,

152 1740 307 1816 παρεῖναι
329 1734 407 1809 τούς
430 1732 573 1816 δημότας
596 1732 644 1808 είς
662 1731 767 1816 αὐτήν
786 1731 997 1816 παρεκάλουν
1015 1732 1174 1819 ἀθρόους,

107 1860 132 1900 ιε
152 1838 196 1915 όις
220 1837 331 1904 οὐκέτι
350 1849 422 1916 ταῖς
440 1848 580 1925 μακραῖς
598 1839 815 1924 δημηγορίαις
833 1837 1174 1924 ἐνοχληδησομένους,

152 1941 224 2011 ἀλλ’
252 1943 448 2023 ἐποίσοντας
477 1945 562 2030 ὐπέρ
590 1946 695 2011 αὐτοῦ
723 1947 785 2030 τήν
811 1955 928 2031 ψήφου
950 1948 1033 2012 κατὰ
1056 1947 1173 2032 φυλάς.
1315 1949 1316 1964 ’

152 2054 185 2118 ολ
207 2053 269 2136 μὲν
292 2053 333 2138 δή
356 2062 460 2119 ταῦτα
482 2052 706 2138 ὑποσχόμενοι
729 2051 888 2119 διέλυσαν
907 2053 970 2137 τήν
988 2051 1173 2138 ἐκκλησίαν.

221 2159 294 2225 ΠΠ.
317 2162 415 2226 Μετὰ
442 2160 481 2226 δὲ
508 2168 611 2226 ταῦτα
634 2160 725 2226 οἵτε
747 2159 869 2225 ὐπατοι
890 2160 946 2225 καί
968 2171 1036 2226 τῶν
1059 2181 1173 2245 πατρι

150 2269 233 2333 κίων
265 2269 298 2333 ολ
330 2273 488 2334 πλεῖστον
519 2267 702 2349 δυνάμενοι
733 2267 936 2352 τραχύτερον
967 2267 1031 2351 ήδη
1061 2267 1174 2334 αὐτῶν

105 2395 132 2435 τι
150 2376 345 2458 προσιόντες
367 2377 580 2459 καθήπτοντο
603 2374 769 2458 λέγοντες,
793 2374 837 2451 ὡς
855 2374 918 2440 οὐκ
937 2371 1173 2460 ἐπιτρέψουσιν

150 2481 264 2557 αὐτοῖς
282 2483 406 2563 νόμους
425 2482 634 2566 εἰσηγεῖσθαι
647 2481 703 2546 καλ
716 2481 857 2558 τούτους
873 2481 1171 2567 ἀπροβουλεύτους.

150 2589 322 2672 συνθήκας
344 2589 408 2673 γδιρ
432 2581 519 2654 εἶναι
541 2589 655 2666 κοινὰς
679 2591 810 2654 πόλεων
832 2590 911 2666 τούς
933 2591 1073 2674 νόμους,
1096 2587 1172 2674 οὐχί

148 2693 270 2779 μέρους
292 2706 360 2761 τῶν
383 2692 421 2760 ἐν
443 2704 515 2772 ταῖς
537 2697 676 2760 πόλεσιν
699 2695 892 2762 οἰκούντων.
935 2705 995 2761 τοῦ
1015 2718 1052 2760 τε
1071 2711 1253 2780 zoam-1991

150 2801 290 2887 ροτιίτου
320 2801 466 2888 ὀλέθρου
496 2803 552 2867 καί
580 2801 762 2886 ἀνηκέστου
785 2803 841 2868 καί
868 2801 942 2867 οὐδ’
968 2802 1171 2888 εὐσχήμονος

104 2929 130 2970 ιι
149 2907 254 2994 ἀρχήν
281 2908 469 2994 ἀπέφαινον
497 2902 583 2975 είναι
611 2911 730 2974 πόλεσί
750 2932 785 2974 τε
808 2909 864 2974 καὶ
887 2909 1006 2994 οἴκοις,
1029 2910 1110 2975 όταν
1132 2910 1170 2974 τὸ

108 3015 304 3080 λκόκιστον
336 3025 382 3103 τῷ
413 3017 575 3103 κρατίστῳ
608 3022 785 3102 νομοθετῇ.
845 3018 956 3082 Ποίαν
993 3017 1031 3082 δέ
1066 3016 1170 3100 ὑμεῖς,

220 3154 402 3210 λέκκεῖσθαι
424 3155 521 3210 Nabar
540 3155 675 3211 Mnemon,
693 3161 736 3223 30,
747 3162 797 3212 261
830 3157 833 3228 Ι
863 3155 981 3211 ἕκαστον
1000 3155 1047 3210 Bb
1066 3157 1097 3211 in
1115 3172 1169 3210 ras·

149 3232 163 3280 ’λ
184 3227 235 3296 οὐχ
253 3226 292 3298 οἱ]
314 3227 377 3296 οὐχὶ
395 3227 421 3279 A
481 3228 738 3312 8πρεσβύτεροιΒ
761 3228 946 3299 πρεσβύτατοι
964 3229 990 3281 Β
1045 3233 1080 3282 14
1098 3246 1170 3296 παρ-

148 3296 267 3352 εκάλουν
295 3298 360 3352 οὐδ.
384 3297 431 3352 Bb
460 3315 546 3368 supra
572 3299 621 3354 hn.
701 3303 735 3353 20
762 3296 936 3423 προτιόντεςχ
969 3296 1118 3367 παριόντες
1145 3315 1168 3354 ο.

147 3368 277 3423 Hertlein
308 3369 425 3424 Hermes
452 3367 478 3422 X
501 3375 553 3424 419
599 3371 603 3442 λ
646 3367 893 3439 έπιτρέψουσινΑ
935 3368 1117 3437 πιτρέπουσιν
1144 3371 1170 3423 R

149 3445 183 3493 23
208 3440 413 3513 πονηροτάτου]
440 3440 640 3510 φανερωτάτου
664 3457 687 3494 ο.
707 3440 850 3510 Kiessling
927 3447 962 3494 λλ
981 3438 1101 3509 όλέδρον
1119 3441 1169 3495 καλ

148 3511 200 3564 οὐκ
218 3511 388 3582 εὐσχήμονος
407 3511 430 3567 Ο
449 3515 564 3581 praeter
582 3513 605 3565 B
678 3517 712 3565 26
731 3508 816 3573 ποίας
834 3511 887 3564 ΑΒ
