2662 3920
587 267 622 274 -
659 239 674 289 Ι
709 267 743 275 -
1128 236 1171 303 35

152 368 261 450 στήσω
290 365 351 430 τὸν
381 363 523 449 στρατὸν
550 361 587 428 έκ
613 373 672 446 τῆς
696 364 869 446 πολεμίας,
902 362 1030 448 πρλνῆ
1061 372 1124 441 πᾶς
1154 355 1172 428 ὅ

151 483 210 557 της
241 469 343 557 ἀρχῆς
375 494 431 554 μοι
461 469 580 560 διέλθη
609 471 737 555 χρόνος.
788 470 833 547 ὡς
860 463 923 534 οὖν
951 468 988 536 έν
1014 469 1172 556 ὑπαίθρῳ

151 579 363 664 χειμάσοντες
386 577 686 662 παρασκευάσασθε
706 578 747 642 τὰ
765 578 813 654 είς
830 575 960 643 ἐκεῖνον
978 579 1038 644 τὸν
1056 579 1174 664 καιρὸν

152 683 328 769 έπιτηδεια
366 685 497 762 τούτοις
520 683 806 768 καταπληξάμενος
830 685 952 762 αύτούς
973 695 1043 762 τοίς
1062 687 1173 769 λόγοις
1190 689 1212 753 4

152 790 265 876 ἐπειδὴ
302 791 546 878 κοσμιωτέρους
583 785 651 858 εἶδε
687 793 878 876 γεγονότας
901 792 956 856 καί
995 791 1174 874 δεομένους
1204 815 1217 856 ι

153 899 323 984 ἀφεθῆναι
351 909 410 984 της
439 900 625 984 στρατείας,
654 897 709 964 έπλ
738 899 869 974 τούτοις
896 894 960 983 ἔφη
983 905 1174 984 χαριεῖσθαι

152 1007 211 1083 τάς
229 1005 422 1083 ἀναπαύλας
439 1016 507 1072 τῶν
526 1005 690 1089 πολέμων,
708 1003 762 1090 ἀφ’
780 996 807 1093 ᾦ
824 1027 860 1070 τε
878 1005 988 1089 μηθέν
1006 1002 1054 1070 έτι
1072 1027 1173 1090 παρα-

152 1123 260 1178 κινεῖν
283 1113 419 1197 αύτούς,
443 1109 516 1179 ἀλλ’
539 1111 598 1178 έᾶν
621 1112 724 1177 αὐτὸν
747 1112 791 1190 ὡς
814 1112 970 1195 βούλεται
987 1115 1050 1198 τὴν
1068 1112 1174 1198 ἀρχὴν

152 1225 337 1305 τελεῖσθαι,
367 1221 423 1286 καὶ
450 1219 505 1286 έπλ
531 1230 576 1306 τῷ
604 1220 645 1284 τά
670 1219 781 1285 δίκαια
804 1220 936 1285 διδόναι
958 1220 1071 1285 τεκαὶ
1094 1225 1174 1303 λαμ-

153 1327 270 1410 βάνειν
293 1324 370 1414 παρ’
394 1327 554 1412 ἀλλήλων.
1192 1351 1218 1390 ιο

224 1433 359 1500 XVHII.
392 1433 626 1511 Καταστάντος
655 1433 692 1499 δέ
718 1442 779 1499 τού
802 1434 957 1520 θορύβου
981 1433 1174 1520 δικαστήριά

152 1563 188 1605 τε
216 1540 377 1606 ἀπεδίδου
405 1550 475 1617 τοῖς
502 1539 671 1623 δεομένοις
694 1539 731 1606 ἐκ
753 1545 886 1606 πολλῶν
909 1541 1175 1627 παρειλκυσμένα

153 1649 296 1732 χρόνων,
325 1647 381 1712 καί
409 1649 450 1712 τά
479 1651 617 1713 πλείστα
643 1659 710 1713 τῶν
738 1646 950 1732 ἐγκλημάτων
973 1647 1072 1726 αὐτὸς
1095 1649 1175 1727 ἴσως

153 1753 209 1818 καί
232 1753 366 1832 δικαίως
389 1754 533 1840 διέκρινε
556 1753 600 1819 δι’
623 1754 701 1839 ὅλης
722 1754 845 1840 ἡμέρας
868 1753 922 1820 έπλ
945 1765 1004 1821 τοῦ
1030 1759 1175 1841 βήματος

72 1863 388 1944 εοεσκαδεζόμενος,
412 1861 621 1946 εὐπρόσοδόν
644 1885 679 1926 τε
701 1862 757 1927 καί
780 1868 888 1950 πρᾷον
906 1863 962 1928 καί
981 1863 1175 1948 φιλάνθρω-
1193 1883 1218 1924 ιε

153 1989 219 2033 πον
248 1977 318 2045 τοίς
347 1967 402 2034 ἐπὶ
428 1971 491 2054 την
519 1969 749 2034 δικαιοδοσίαν
774 1968 1033 2054 ἀφικνουμένοις
1055 1968 1175 2036 ἑαυτὸν

153 2084 288 2161 παρεῖχε
311 2076 367 2140 καί
388 2076 635 2155 παρεσκεύασεν
654 2075 928 2161 ἀριστοκρατικὴν
947 2075 1053 2152 ούτως
1071 2085 1174 2160 φανη-

153 2205 209 2246 ναι
231 2183 294 2266 τὴν
316 2184 498 2265 πολιτείαν,
517 2182 601 2247 ὥστε
619 2187 699 2267 μήτε
718 2183 896 2267 δημάρχων
914 2184 1079 2266 δεηθῆναι
1095 2186 1174 2260 τοὺς

154 2289 210 2352 διὰ
239 2289 359 2353 πενίαν
388 2288 408 2372 ἣ
440 2289 638 2372 δυσγένειαν
667 2289 688 2373 ἢ
718 2290 823 2372 ἀλλην
854 2291 929 2354 τινά
957 2291 1175 2374 ταπεινότητα

153 2394 220 2460 ὑπὸ
248 2404 315 2460 τῶν
338 2397 538 2479 κρειττόνων
560 2395 855 2480 κατισχυομένους,
878 2399 958 2480 μήτε
981 2407 1097 2482 καινῆς
1118 2421 1176 2462 νο·-
1193 2419 1219 2460 ει

153 2503 315 2584 μοθισίας
344 2503 457 2567 πόθον
486 2499 574 2586 ἔχειν
604 2499 652 2567 ἔτι
678 2505 757 2580 τοὺς
784 2500 821 2568 έν
848 2504 1001 2592 ἰσηγορία
1024 2505 1174 2569 πολιτεύ-

154 2615 253 2674 εσθαι
276 2607 518 2692 βουλομένους,
541 2606 613 2674 ἀλλ’
635 2609 768 2694 ἀγαπᾶν
790 2633 826 2675 τε
848 2611 904 2676 καί
924 2613 1052 2696 χαίρειν
1071 2611 1175 2676 ἅπαν·

153 2739 211 2792 τας
234 2714 288 2781 ἐπί
310 2725 351 2802 τῇ
370 2717 444 2782 τότε
462 2717 672 2808 κατασχούση
690 2718 752 2802 τὴν
770 2719 870 2782 πόλιν
888 2717 1035 2805 εύνομίηι.
1072 2715 1175 2784 ταῦτά
1193 2720 1214 2784 2

154 2845 188 2886 τε
218 2823 260 2908 δη
290 2824 331 2888 τά
361 2819 442 2908 ἔργα
469 2833 529 2889 τοῦ
558 2823 681 2910 ἀνδρὸς
708 2822 860 2914 έπηνελτο
884 2824 949 2890 ὑπὸ
972 2833 1033 2890 τοῦ
1056 2825 1174 2910 δημου,

153 2931 209 2994 καί
239 2928 310 2995 έπεί
338 2931 399 2995 τὸν
426 2930 613 3015 ὡρισμένον
636 2929 763 2996 ἐτέλεσε
785 2942 843 3016 της
866 2931 968 3017 ἀρχῆς
990 2934 1114 3017 χρόνον
1136 2934 1174 2998 τὸ
1193 2954 1219 2996 ει

155 3036 197 3119 μη
221 3034 382 3113 δέξασθαι
399 3039 462 3122 τὴν
479 3037 641 3103 ὑπατείαν
660 3037 841 3123 διδομένην
859 3040 896 3104 τὸ
916 3039 1074 3125 δεύτερον
1092 3039 1175 3124 μηδέ

227 3254 240 3302 1
260 3247 328 3315 πρὶν
347 3246 365 3316 ἢ
385 3248 407 3303 Ο
433 3248 501 3317 πρὶν
525 3246 561 3303 δν
584 3249 714 3305 Hertlein
738 3247 855 3305 Hermes
877 3249 904 3303 X
921 3256 973 3304 419
1051 3256 1067 3305 9
1090 3255 1175 3306 τελεῖ·

156 3323 226 3372 σθαι
249 3317 271 3373 O
299 3317 407 3374 τελέσαι
429 3319 532 3374 Reiske
608 3326 639 3374 12
666 3321 762 3383 αάτοίς
788 3319 930 3390 δεομένοις
952 3323 977 3374 Α
1051 3329 1084 3377 14
1110 3321 1175 3392 δλης

155 3386 258 3458 ἡμέρας
280 3389 303 3442 Β
331 3388 396 3458 ὅλης
420 3396 469 3460 τῆς
494 3391 538 3461 ἡμ.
562 3391 587 3444 R
664 3399 697 3445 21
724 3394 921 3447 πολιτεύεσθαι
943 3392 1129 3464 βουλομένους
1151 3395 1173 3447 Β

36 3525 39 3538 ,
154 3457 384 3529 πολιτευομένους
398 3462 423 3514 R
478 3468 512 3516 24
532 3460 648 3530 ἀνδρός·
668 3463 796 3530 έπηνεῑτο
812 3461 839 3518 δ’
852 3461 907 3518 ύπδ
921 3475 971 3522 τοῦ
987 3465 1009 3520 O
1024 3467 1173 3535 praeterB

156 3537 189 3585 25
209 3528 329 3586 ἐτέλεσεν
349 3532 377 3597 ἐξ
396 3533 484 3603 ἀρχῆς
502 3531 606 3603 χρόνον
624 3536 649 3588 Α
670 3535 674 3606 Ι
694 3532 737 3605 τὸ]
757 3539 795 3607 τῷ
811 3534 833 3588 Ο
852 3537 966 3604 Ρτεθλετ
983 3536 1006 3589 Β

979 3643 1013 3696 3*
