2668 3922
148 208 213 274 258
565 237 599 246 -
636 210 681 260 Μ
717 237 753 246 ··

106 332 127 399 5
146 334 311 419 χάσματος
329 331 457 399 ἑαυτόν.
488 331 544 398 ἐπὶ
562 333 600 398 δέ
618 332 707 419 αὐτῷ
726 333 834 399 πολλὰ
847 331 909 416 μὲν
926 333 1038 419 ίερεῑα,
1052 334 1170 398 πολλοὶ

147 440 185 506 δέ
202 441 335 526 καρποί,
349 441 456 506 πολλά
474 440 513 505 δέ
530 442 689 525 χρήματα,
703 441 808 516 πολύς
825 439 863 504 δὲ
878 440 1001 522 κόσμος
1018 437 1171 526 ἐσθῆτος,

146 547 268 614 πολλαί
285 546 324 613 δέ
342 547 488 632 ἀπαρχαί
507 556 690 629 συμπασῶν
708 557 835 631 τεχνῶν
853 546 997 634 δημοσίᾳ
1015 549 1097 613 κατὰ
1110 557 1171 612 τοῦ

146 654 311 739 χάσματος
329 651 529 739 ἐρρίφησαν·
547 653 603 718 καί
622 653 740 718 αὐτίκα
757 653 777 736 ἡ
797 663 839 737 γῆ
859 659 1040 738 συνῆλθεν.
1060 654 1170 720 Ακιίκ.

116 783 128 824 ι
218 758 290 825 XII.
313 759 389 847 (22)
416 758 588 845 ὑπερφυές
615 783 647 824 τι
673 770 782 845 χρῆμα
807 759 957 842 σώματος
977 756 1021 844 ην
1044 760 1062 826 6
1086 765 1171 827 Κελ-

146 870 217 951 τός,
246 858 316 944 οἷος
342 866 538 952 ὑπεραίρειν
560 869 647 932 πολὺ
675 867 737 950 την
759 867 877 950 κοινὴν
901 867 1015 952 φύσιν.
1060 869 1170 934 Ambr.

218 975 370 1051 Λικίνιος
392 975 542 1056 Στόλων,
571 973 589 1038 6
618 973 750 1050 δεκάκις
777 973 989 1058 δημαρχησας
1014 975 1171 1052 καὶτοὺς

146 1083 272 1165 νόμους
293 1079 552 1165 εἰσηγησάμενος
571 1079 657 1165 ύπέρ
678 1074 767 1164 ὧνη
790 1080 944 1164 δεκαετὴς
965 1080 1080 1158 στάσις
1101 1080 1171 1165 ἐγέ-

147 1210 234 1271 νετο,
257 1186 359 1264 ἁλούς
377 1185 415 1252 ἐν
434 1187 510 1277 δίκη
527 1187 583 1252 καί
601 1186 668 1252 ὑπὸ
688 1196 749 1252 τοῦ
772 1187 881 1272 δημου
903 1189 1172 1273 καταψηφισθελς

102 1317 128 1357 ιο
146 1297 269 1379 τίμημα
292 1293 477 1380 ύργυρικὸν
495 1287 599 1377 εἶπεν,
622 1293 674 1359 ὅτι
696 1296 821 1380 θηρίον
844 1293 946 1361 ούδέν
970 1293 1040 1360 ἐστι
1062 1296 1170 1381 δήμου

146 1401 363 1487 μιαρώτερον,
386 1401 423 1478 ὃς
446 1400 526 1466 οὐδὲ
547 1410 615 1466 τῶν
639 1402 831 1479 σιτιζόντον
854 1401 1014 1486 ἀπέχεται.
1060 1402 1171 1468 Αιιιέν.

218 1507 306 1574 XIII.
330 1505 404 1594 (23)
432 1513 499 1573 Τοῦ
522 1507 652 1572 ὑπάτου
675 1510 835 1592 Μαρκίου
856 1509 1090 1594 Πριβερνάτας
1111 1531 1170 1574 πο-

148 1621 377 1701 λιορκοῦντος,
420 1613 491 1679 ἐπεί
532 1614 672 1697 οὐδεμία
707 1614 838 1692 τούτοις
879 1618 1043 1702 σωτηρίας
1077 1615 1171 1695 ἐλπίς

147 1721 358 1804 ὑπελείπετο,
386 1719 628 1807 ἐπρεσβεύοντο
656 1721 740 1805 πρὸς
770 1721 887 1787 αὐτόν·
920 1731 981 1789 τοῦ
1011 1719 1041 1788 δ’
1060 1724 1171 1790 εἰπόν-

103 1848 129 1890 ιι
147 1848 215 1906 τος·
247 1826 398 1914 φράσατέ
425 1850 496 1911 μοι,
526 1838 596 1905 πῶς
626 1826 722 1892 αὐτοί
749 1827 899 1907 κολάζετε
926 1832 1006 1907 τούς
1033 1829 1171 1916 ἀφιστα-

147 1933 271 2018 μένους
310 1933 405 2016 ύμῶν
444 1932 586 2014 οἰκέτας;
628 1930 842 2020 ἀποκρίνεται
882 1937 967 2020 πρὸς
1008 1937 1111 2002 αὐτὸν
1151 1936 1170 2002 6

147 2045 364 2128 πρεσβευτής·
392 2042 437 2119 ὡς
464 2042 518 2106 δεῖ
542 2040 742 2119 κολάζεσθαι
767 2044 847 2120 τούς
873 2049 1067 2121 ποθοῦντας
1090 2041 1171 2110 άπο-

108 2149 129 2213 2
148 2152 264 2232 λαβεῖν
286 2150 348 2234 την
371 2145 521 2234 ἔμφυτον
544 2146 751 2232 ἐλευθερίαν.
795 2149 852 2214 καί
874 2149 893 2215 6
914 2149 1068 2236 Μάρκιος
1091 2150 1172 2216 ιἰπο-

148 2255 325 2339 δεξάμενος
348 2255 452 2321 αύτοῦ
476 2257 537 2340 την
555 2257 745 2340 παρρησίαν
766 2257 852 2340 φησί
876 2275 882 2288 ·
907 2254 967 2321 ἐὰν
991 2257 1028 2323 δὲ
1052 2258 1093 2341 δη
1116 2259 1171 2324 καὶ

103 2383 130 2424 ιο
147 2369 340 2445 πεισθῶμεν
357 2362 438 2445 ὑμῖν
458 2359 595 2447 ἀφεῖναι
613 2363 671 2438 τὰς
689 2361 800 2447 ὀργάς,
823 2365 899 2428 τίνα
917 2363 1039 2429 δώσετε
1058 2366 1171 2430 πίστιν

148 2467 232 2554 ὑπὲρ
261 2478 321 2534 τοῦ
348 2469 454 2553 μηδὲν
481 2466 530 2534 ἔτι
557 2471 709 2552 ποιήσειν
735 2467 869 2554 ἐχθρῶν
891 2465 1006 2556 ἐργον;
1035 2470 1171 2557 ἀποκρί-

148 2598 241 2641 νεται
263 2575 364 2640 πάλιν
387 2575 405 2640 6
428 2579 644 2661 πρεσβευτής·
668 2572 723 2640 ἐπὶ
746 2575 801 2640 σοί
822 2575 913 2641 τοῦτ’
931 2573 1001 2642 ἐστι
1023 2578 1079 2644 καί
1101 2587 1172 2655 τοῖς

149 2683 262 2760 ἄλλοις
287 2680 470 2766 Ῥωμαίοις,
500 2682 646 2767 Μάρκιε·
675 2682 891 2765 κομισάμενοι
919 2683 981 2766 μέν
1010 2686 1074 2769 γάρ
1105 2685 1172 2768 ἅμα

148 2799 188 2876 τῇ
221 2790 357 2876 πατρίδι
387 2789 443 2854 καί
469 2790 531 2873 τὴν
563 2788 761 2875 ἐλευθερίαν
795 2788 925 2874 βέβαιοι
957 2791 1013 2856 διὰ
1047 2793 1171 2869 παντὸς

104 2915 130 2957 ιι
148 2896 229 2981 ύμίν
262 2895 408 2980 ἐσόμεθα
441 2897 549 2981 φίλοι,
583 2896 757 2962 δουλεύειν
785 2893 868 2976 <δ’>
902 2893 1171 2980 ἀναγκασθέντες

149 3003 318 3070 οὐδέποτε.
368 3002 501 3088 ἠγάσθη
534 3025 569 3068 τε
601 3003 642 3087 δὴ
675 3013 732 3088 τῆς
763 3004 1061 3090 μεγαλοφροσύνης
1091 3007 1171 3081 τοὺς

150 3111 275 3196 ἄνδρας
297 3110 315 3176 6
338 3109 492 3196 Μάρκιος
519 3110 574 3176 καί
600 3111 662 3195 την
684 3112 881 3197 πολιορκίαν
909 3108 1014 3178 ἔλυσε.
1061 3111 1170 3176 Ambr.

221 3254 236 3302 1
265 3247 326 3302 ἐπεὶ
354 3249 384 3304 δέ
412 3249 508 3305 Ambr.
598 3255 631 3303 12
659 3249 824 3322 τιβερνύτας
855 3249 951 3305 Ambr.
980 3267 1049 3305 eorr.
1077 3249 1169 3304 Maius

150 3326 184 3374 14
202 3317 382 3374 ὑπολείπεται
400 3321 495 3375 Ambr.
515 3319 676 3376 ὑπελείπετο
696 3321 784 3376 Cobet
805 3321 870 3376 Obs.
889 3339 916 3390 p.
933 3327 985 3376 214
1051 3327 1084 3376 17
1103 3339 1170 3388 πρε-

150 3391 284 3462 σβύτατος
297 3390 392 3445 Ambr.
411 3392 580 3463 πρεσβευτὴς
598 3391 696 3446 Struve
752 3399 786 3448 24
805 3390 923 3464 βεβαίως
941 3393 1013 3448 falso
1028 3393 1170 3463 Kiessling

150 3467 183 3516 25
203 3462 347 3518 δουλεύειν
366 3461 594 3534 ἀναγκασθέντες
611 3463 707 3517 Ambr.
727 3461 754 3518 δ’
776 3464 895 3519 inseruit
914 3463 1012 3520 δίκαιε
