2654 3916
577 187 746 236 -K-
1106 186 1171 251 331

152 316 282 396 πλῆθος
306 309 441 396 ἀνδρῶν
463 319 531 375 τῶν
553 311 627 375 τότε
649 306 930 393 παραταξαμένων
948 309 1075 395 ὀλίγον,
1098 309 1169 376 ἀλλ’

152 417 234 484 ὅσον
256 418 312 483 καί
337 415 535 504 τριπλάσιον
562 409 664 500 εἶναι,
694 415 775 482 οὐδὲ
801 417 983 501 στρατηγὸς
1009 427 1078 482 τῶν
1104 415 1174 483 όπι-

152 527 322 610 τυχόντων
351 547 416 608 τις,
448 519 520 590 ἀλλ’
545 522 587 588 δν
615 523 758 600 άταντες
787 521 988 607 ὁμολογοῦσι
1016 522 1174 608 μέγιστον

151 631 312 715 γενέσθαι
343 642 411 697 των
441 632 525 696 κατὰ
560 631 623 716 την
654 629 761 714 αὐτην
790 631 923 714 ἡλικίαν
955 629 1174 713 ἀκμασάντων

152 748 355 824 στρατηγῶν,
383 737 464 804 οὐδὲ
490 739 595 804 τόπου
622 737 725 822 φύσις
752 737 867 814 άνισος
894 737 954 802 οῦτ
957 735 1173 821 ’ἐπικουρίας

70 854 221 923 ιιιοτοῑς
248 843 373 930 ίτίροις
399 841 511 930 άφιξις
538 844 709 930 αἰφνίδιος
735 839 806 909 οὔτ’
829 835 912 928 άλλη
939 866 988 921 τις
1016 846 1174 931 συμφορά

151 951 208 1018 καλ
234 953 402 1038 πρόφασις
428 951 678 1038 ἀπροσδόκητος
704 949 907 1016 ἐπιπεσοῦσα
931 951 1110 1038 συνέτριψε
1132 953 1174 1018 τὰ

151 1059 294 1145 Πύρρου
312 1059 497 1146 πράγματα,
520 1057 592 1124 ἀλλ’
607 1057 626 1124 ὁ
644 1068 703 1143 τῆς
721 1057 885 1142 άσεβηθεί
883 1074 943 1143 σης
960 1065 1044 1136 θεᾶς
1065 1061 1173 1144 χυλός,

151 1164 192 1231 ὃν
222 1166 297 1231 οὐδ’
320 1166 420 1244 αὐτὸς
448 1166 564 1251 ἠγνόει
593 1165 746 1252 Πύρρος,
775 1165 821 1242 ὡς
847 1163 1018 1251 Πρόξενος
1047 1165 1065 1231 ὁ
1093 1181 1174 1251 σογ-

150 1275 301 1357 χραφεὺς
331 1273 456 1358 ἱστορεῖ
483 1274 540 1338 καί
569 1272 669 1350 αὐτὸς
698 1271 716 1338 ὁ
745 1272 883 1357 Πύρρος
912 1269 950 1338 ίν
976 1281 1047 1350 τοῖς
1075 1272 1174 1350 ἰδίοις
1192 1294 1218 1333 ιο

150 1378 363 1466 ὑπομνήμασι
385 1380 516 1468 γράφει.
559 1379 659 1446 Vales.

222 1485 277 1552 XI.
310 1485 379 1575 (19,
408 1485 465 1574 12)
488 1484 653 1570 Ἥριλλον
684 1486 765 1572 ὅπερ
802 1486 890 1563 εἰκὸς
926 1486 1003 1565 <οί>
1040 1484 1173 1552 ὁπλῖται

150 1593 287 1679 κράνεσι
313 1595 369 1660 καί
395 1591 525 1680 θώραξι
551 1593 607 1658 καλ
633 1599 772 1680 θυρεοῖς
799 1595 913 1678 βαρεῖς
934 1593 1018 1678 πρὸς
1041 1592 1173 1679 όχθηρά

149 1702 255 1785 χωρία
289 1701 346 1766 καί
381 1702 508 1786 μακρὰς
544 1701 712 1785 ἀτραποὺς
748 1701 969 1786 πορευόμενοι
1004 1700 1061 1766 καί
1092 1699 1174 1767 οὐδὲ

149 1806 271 1885 ταότας
303 1809 511 1894 λεωφόρους,
543 1803 616 1873 ἀλλ’
644 1807 836 1892 αίγότριβας
867 1809 913 1873 δι’
938 1807 1021 1894 ὕλης
1049 1831 1085 1874 τε
1116 1808 1173 1874 καί
1192 1828 1218 1868 ιι

149 1924 307 1998 κρημνῶν
333 1912 427 1994 τάξιν
453 1937 489 1981 τε
519 1915 680 1998 οὐδεμίαν
708 1911 879 1998 φυλάξειν,
908 1914 964 1979 καί
993 1915 1075 2000 πρλν
1102 1913 1173 1981 ίτιι-

150 2023 301 2107 φανῆναί
329 2038 427 2108 σφισι
458 2025 538 2098 τοὺς
565 2023 745 2103 πολεμίους
771 2017 1009 2104 ίξασθενήσειν
1035 2022 1077 2086 τά
1108 2023 1172 2087 σό-

148 2150 234 2208 ματα
257 2129 348 2209 δίψει
370 2130 426 2194 καλ
448 2130 548 2215 κόπφ.

156 2290 159 2294 .
226 2234 311 2310 Τοὺς
336 2243 407 2310 τοις
436 2234 581 2312 λππικοῑς
608 2233 748 2318 δόρασιν
774 2231 812 2299 ἐκ
839 2233 999 2319 διαλαβῆς
1029 2233 1211 2320 άμφοτί-2

149 2363 223 2424 ραις
257 2349 329 2417 ταίς
364 2339 458 2425 χερσί
494 2339 731 2426 κρατουμένοις
762 2339 969 2426 μαχομένους
1001 2341 1172 2427 συστάδην
1190 2364 1217 2404 ιο

147 2446 204 2512 καλ
234 2447 275 2512 τὰ
306 2448 413 2512 πολλὰ
444 2453 696 2533 κατορθοῦντας
728 2444 765 2513 ἐν
794 2457 867 2526 ταῖς
897 2447 1015 2534 μάχαις
1045 2450 1171 2536 Πρίμ-

147 2574 263 2631 κιπας
280 2551 431 2636 Ῥωμαῖοι
453 2559 622 2620 καλοῦσιν.
667 2553 777 2620 Λαιόν.

219 2677 303 2748 XIL·
322 2675 391 2766 (19,
421 2677 477 2766 13)
506 2676 565 2744 ’Em
596 2687 636 2766 τη
664 2681 776 2763 νυκτί,
808 2676 846 2746 ἐν
872 2671 896 2771 ᾖ
922 2681 984 2766 τὴν
1011 2683 1170 2767 στρατιάν

148 2781 286 2865 ἀπάξειν
313 2785 331 2851 δ
355 2785 493 2872 Πύρρος
521 2782 657 2868 ἔμελλεν
684 2784 739 2852 ἐπὶ
766 2787 804 2851 τὸ
832 2787 911 2875 όρος
937 2799 983 2875 τῷ
1003 2785 1170 2870 Ῥωμαίων

147 2888 390 2977 ἐπιθησόμενος
416 2892 534 2978 χάρακι
562 2893 688 2980 λάθρα,
716 2889 808 2972 ἔδοξε
835 2896 918 2961 κατὰ
939 2896 1018 2973 τοὺς
1039 2893 1171 2974 ὕπνους
1189 2915 1215 2956 ιε

1192 711 1213 775 2

220 3161 234 3208 1
268 3155 380 3226 ἀννδρῶ
411 3165 467 3211 τνῶ
500 3157 605 3212 ἄντιτα
586 3177 677 3226 αραατ
658 3155 804 3228 αανωξμέν
839 3157 919 3213 λλαττ
902 3177 952 3214 τον
989 3175 1012 3214 ο
1040 3158 1170 3214 Hertlein

147 3225 265 3280 Hermes
286 3225 312 3278 X
333 3233 387 3283 422
461 3234 476 3282 5
505 3227 570 3283 ἐπικ
552 3248 622 3298 κουρ
606 3178 655 3284 ρλα
680 3238 740 3292 τοῖς
767 3226 811 3284 ἑτέ
781 3249 871 3298 τροις
897 3227 915 3300 ἢ
943 3229 1039 3299 ἄφιξις
1065 3231 1169 3288 Turon

148 3295 169 3351 ί.
192 3304 252 3359 τοῖς
277 3295 392 3367 ίχρθοῑς
415 3297 434 3370 ἢ
459 3298 509 3369 άφ.
531 3299 661 3356 Valesius
684 3299 848 3369 ἐπικουρίας
869 3309 929 3364 τοίς
951 3251 1027 3370 ἑτίρο
1013 3321 1055 3364 οις
1075 3301 1125 3372 ἄφ,
1146 3319 1169 3358 ο.

147 3367 251 3422 Reiske
324 3375 357 3423 12
376 3369 404 3425 ol
423 3371 487 3426 εδδ.
508 3371 607 3427 struve
680 3378 714 3427 20
732 3389 799 3428 συστ
799 3371 855 3428 άδυ
872 3372 968 3428 Ambr.
988 3390 1057 3428 corr.
1076 3373 1170 3428 Maius

148 3444 218 3493 212
220 3443 400 3508 ατατορθοῦν
364 3460 414 3502 τας
431 3441 482 3506 τὰς
500 3442 596 3498 Ambr.
615 3448 829 3512 κατορθοῦντας
845 3486 938 3501 .....
955 3443 1004 3508 οῦς
1022 3445 1115 3501 Maius
