2668 3922
580 259 614 269 -
651 231 697 282 ΙΔ
733 259 767 268 -
1117 230 1182 296 249

162 357 224 440 τὴν
253 352 325 442 ἔριν
354 357 416 440 τὴν
445 353 630 439 γενομένην
657 355 741 441 αὐτῇ
771 355 855 440 πρὸς
882 355 1081 420 Ποσειδῶνα
1108 357 1184 442 περὶ

162 473 220 548 τῆς
249 463 372 549 χώρας,
403 463 468 546 ἅμα
498 471 568 539 τοίς
597 464 710 540 ἀλλοις
740 472 810 539 τοῖς
838 460 877 528 έν
905 473 951 548 τῷ.
982 463 1057 551 ἱερῷ
1086 456 1184 528 οὖσιν

162 567 392 656 έμπρησθείσα
413 569 480 635 ἀπὸ
503 580 571 636 τῶν
594 569 782 656 βαρβάρων,
810 570 864 635 ὅτε
892 580 949 654 τῆς
974 567 1184 656 ἀκροπόλεως

162 674 356 761 ἐκράτησαν,
384 675 525 764 δευτέρᾳ
551 687 609 762 της
635 675 827 763 ἐμπρήσεως
852 675 959 764 ἡμέρη
981 678 1125 761 βλαστὸν
1147 674 1184 742 έκ

160 793 222 850 τοῦ
246 782 419 868 στελέχους
443 782 565 868 ἀνῆκεν
588 784 670 850 ὅσον
692 807 728 850 τε
751 793 927 869 πηχυαῖον,
955 783 1059 868 δῆλον
1082 784 1185 849 ἀπασι
1216 804 1229 846 ι

162 899 298 975 πονῆσαι
325 889 542 973 βουλομένων
564 901 632 957 τῶν
654 897 758 975 θεῶν,
786 891 838 956 ὅτι
864 889 987 974 ταχέως
1013 889 1136 974 έαυτην
1162 892 1183 975 ἡ

161 994 258 1075 πόλις
277 993 492 1080 ἀναλαβοῦσα
514 1000 679 1080 βλαστοὺς
703 994 779 1063 ἀντί
801 1009 869 1063 τῶν
891 1002 1042 1065 παλαιῶν
1065 995 1185 1075 ἐξοίσει

161 1104 268 1182 νέους.
319 1103 369 1191 (5)
401 1106 457 1170 Ἐν
490 1104 528 1170 δὲ
558 1113 599 1190 τῇ
623 1102 727 1195 Ῥώμη
758 1105 873 1181 καλιάς
899 1127 950 1182 τις
968 1102 1085 1190 ’Ἁρεος
1114 1105 1223 1192 ίερά2

162 1211 239 1297 περί
267 1213 329 1296 τὴν
358 1213 514 1298 κορυφὴν
545 1211 705 1298 ἱδρυμένη
735 1220 795 1277 τοῦ
819 1212 992 1277 Παλατίου
1022 1227 1184 1296 συγκατα-

163 1323 323 1402 φλεγείσα
340 1328 412 1396 ταίς
430 1315 524 1403 πέριξ
548 1319 668 1396 οἰκίαις
691 1318 752 1396 ἕως
774 1317 936 1404 έδάφους,
960 1317 1184 1404 ἀνακαθαιρο-
1203 1340 1230 1380 ιο

161 1424 272 1507 μένων
299 1436 367 1490 τῶν
395 1423 580 1490 οἰκοπέδων
608 1423 704 1490 ἕνεκα
731 1435 788 1510 τῆς
816 1424 1005 1510 ἐπισκευῆς,
1035 1423 1073 1490 έν
1102 1425 1184 1516 μέση

162 1540 202 1617 τη
230 1532 438 1620 περικαάστφ
467 1532 581 1617 σποδῷ
608 1533 646 1597 τὸ
677 1533 848 1616 σύμβολον
875 1541 935 1598 τοῦ
965 1541 1184 1614 συνοικισμοῦ

161 1647 219 1723 τῆς
242 1640 369 1716 πόλεως
389 1638 549 1706 διέσωσεν
568 1637 706 1723 ἀπαθές,
730 1640 879 1726 ῥόπαλον
897 1638 934 1706 έκ
951 1638 1098 1725 θατέρου
1117 1648 1185 1705 τῶν

162 1746 274 1832 ἀκρων
304 1743 514 1829 ἐπικάμπιον,
544 1737 599 1812 οἷα
628 1745 771 1832 φέρουσι
800 1749 959 1830 βουκόλοι
987 1746 1043 1812 καί
1072 1755 1185 1828 νομεῖς

163 1853 196 1918 οἰ
215 1853 278 1935 μέν
295 1853 517 1938 καλαύροπας,
541 1855 574 1920 οί
597 1853 635 1919 δὲ
658 1856 834 1938 λαγωβόλα
851 1860 1041 1938 καλοῦντες,
1065 1845 1092 1941 ᾧ
1111 1851 1185 1919 Ῥω·
1204 1871 1229 1913 1⁶

161 1959 265 2042 μύλος
284 1959 545 2046 ὀρνιθευόμενος
563 1959 724 2047 διέγραφε
746 1973 814 2026 τῶν
832 1962 963 2026 οἰωνῶν
986 1962 1045 2038 τάς
1066 1960 1185 2044 χώρας,

161 2065 216 2132 ὅτε
238 2068 300 2151 την
322 2069 423 2133 πόλιν
446 2069 581 2147 οἰκίζειν
604 2064 747 2150 ἔμελλεν.

232 2174 378 2262 Εὐξείνῳ
421 2175 478 2240 καί
519 2174 622 2240 οὐδὲν
662 2171 723 2251 ἔξω
768 2184 837 2238 τῶν
878 2172 991 2238 ὅπλων
1035 2172 1224 2262 φερούσηῧ

162 2285 308 2367 στρατιᾷ.

233 2387 368 2470 Κρόνου
391 2386 669 2472 καταρραγέντος,
697 2387 741 2464 ὡς
769 2384 824 2452 ἐπὶ
850 2387 993 2473 μεγίστφ
1021 2385 1083 2468 μέν
1105 2385 1185 2451 θεά·
1204 2406 1230 2446 ω

161 2514 253 2575 ματι,
284 2494 448 2580 καλλίστφ
482 2493 513 2558 δ’
539 2493 736 2577 ἀκούσματι,
768 2494 804 2558 οῗ
832 2516 868 2558 τε
895 2494 1038 2576 βεβαίως
1065 2493 1186 2578 ἀποροι

161 2599 217 2664 καί
236 2600 269 2664 οἰ
287 2601 506 2682 πλαττόμενοι
524 2601 587 2686 τὴν
601 2602 648 2678 εἰς
666 2602 703 2666 τὸ
722 2600 881 2678 παντελὲς
899 2599 1051 2686 ἀπορίαν.
1075 2599 1185 2665 Ambr.

81 2721 151 2771 2309
233 2705 289 2772 HI.
312 2704 364 2794 (8)
380 2702 452 2771 Ὅτι
469 2707 611 2793 Μάρκος
637 2709 783 2793 Φούριος
806 2707 823 2774 ὁ
848 2706 1010 2792 δικτάτωρ
1034 2707 1119 2791 ἀνὴρ
1141 2702 1185 2790 ἦν

161 2823 229 2878 τῶν
251 2815 334 2879 κατά
358 2815 420 2898 τὴν
443 2813 549 2898 αὐτὴν
572 2813 790 2897 ἀκμασάντων
812 2815 945 2899 ἡλικίαν
967 2813 1008 2878 τά
1031 2834 1066 2878 τε
1088 2810 1186 2877 πολί-

161 2943 220 3001 μια
238 2922 467 3007 λαμπρότατος
484 2921 540 2986 καί
558 2922 598 2986 τά
616 2922 769 2986 πολιτικά
792 2917 1051 3008 φρονιμώτατος.
1085 2918 1185 2984 ἰῙαίεε.
1204 2939 1230 2980 ω

233 3136 250 3184 4
278 3128 568 3201 δευτέραν-ἡμέραν
595 3131 691 3185 Ambr.
720 3148 789 3186 corr.
818 3131 917 3186 Struve
999 3135 1014 3182 ὅ
1042 3138 1185 3200 παχυαῖον

161 3201 258 3256 Ambr.
314 3207 330 3256 8
349 3201 434 3256 καλιά
450 3223 493 3265 τις
510 3202 606 3258 Ambr.
625 3201 725 3265 καλιάς
742 3223 784 3265 τις
801 3203 945 3272 Kiessling
996 3207 1011 3254 9
1030 3199 1185 3256 παλαντίου

162 3272 257 3327 Ambr.
315 3280 348 3328 12
361 3275 550 3347 περικαάστφ]
565 3273 599 3329 οἰ.
616 3273 745 3328 thzeler
758 3275 906 3329 Animadv.
916 3273 943 3326 II
957 3279 990 3328 31
1005 3273 1185 3344 πυρικαίοτφ

163 3361 186 3399 c.
202 3344 300 3400 Struve
371 3351 405 3400 14
425 3345 599 3416 ίπικάμπτον
617 3344 751 3410 Ambr.Q
771 3345 952 3414 ἐπικάμπτων
971 3343 1067 3398 Ambr.
1081 3345 1107 3396 A
1126 3343 1186 3396 έπι-

72 3495 73 3499 ¹
161 3416 335 3542 witulfi&
344 3416 437 3542 δΙάαίαε
465 3417 636 3488 ἐπικάμπιον
664 3417 763 3472 Struve
850 3422 883 3470 25
914 3415 1051 3486 πολεμικά
1083 3415 1184 3468 Turon.

161 3506 198 3542 πο
216 3507 291 3542 ιτικα
336 3505 439 3544 αεειαε
