2668 3922
157 211 223 277 κιο
572 239 606 250 -
644 213 689 262 m
726 239 760 248 -

226 334 298 401 ΙΙΠ.
322 333 373 423 (6)
397 335 551 412 Μάλλιος
577 334 595 400 ὁ
622 333 833 420 ἀριστεύσας,
862 335 916 400 ὅτε
939 335 986 411 είς
1009 335 1047 399 τὸ
1071 337 1178 399 Καπι-

156 444 277 509 τώλιον
305 441 456 525 Ῥωμαῖοι
487 441 690 526 κατέφυγον,
725 441 936 507 κινδυνεύων
968 441 1024 504 όιά
1057 464 1178 526 τυραν-

156 551 250 627 νίδος
273 548 428 616 ἐπίθεσιν
451 549 652 632 ἀπολέσθαι,
680 547 805 631 βλέψας
833 548 880 625 εἰς
903 549 940 612 τὸ
964 549 1179 614 Καπιτώλιον

155 657 211 722 καί
242 657 301 734 τὰς
329 666 442 742 χεῖρας
472 655 618 733 ἐκτείνας
647 656 695 732 εἰς
724 657 784 720 τόν
814 653 852 720 ἐν
882 655 971 742 αὐτῷ
1001 656 1088 720 νεὼν
1117 664 1178 720 τοῦ

125 765 240 841 ιΔιὸς
276 757 382 830 εἶπεν·
420 760 492 829 οὐδ’
524 762 650 840 ἐκεῖνος
687 761 705 827 ὁ
736 764 838 839 τόπος
872 762 984 838 ἱκανὸς
1015 759 1107 827 ἔσται
1138 786 1178 844 με

156 882 277 956 σῶσαι,
313 870 354 936 ὃν
385 869 452 935 ὑπὸ
484 880 552 936 τῶν
583 869 764 955 βαρβάρων
794 867 1004 954 κρατηθέντα
1035 868 1178 935 θιέσωσα

155 978 236 1062 ὑμῖν
259 976 338 1062 ἐγώ;
366 977 450 1042 ἀλλά
477 977 532 1042 καί
559 978 633 1042 τότε
655 975 741 1061 ὑπὲρ
765 975 861 1058 ὑμῶν
885 975 1100 1060 ἀπέθνησκον
1122 977 1178 1042 καί

155 1094 221 1151 νῦν
243 1081 303 1168 ὑφ’
320 1085 416 1167 ὑμῶν
439 1084 684 1166 ἀποθανοῦμαι.
729 1084 803 1148 τότε
830 1083 892 1166 μέν
915 1077 978 1148 οὖν
1001 1087 1179 1168 συμπαθή-

155 1209 273 1270 σαντες
302 1192 435 1276 ἀφῆκαν
464 1190 579 1274 αὐτόν,
607 1189 751 1276 ὕστερον
774 1189 812 1255 όὲ
838 1191 921 1256 κατά
947 1199 1097 1274 κρημνοῦ
1125 1188 1178 1275 ἐρ·

111 1319 137 1360 ιο
156 1302 246 1386 ρίφη.
293 1299 403 1364 Ambr.

226 1405 266 1472 V.
290 1404 341 1493 (7)
365 1407 543 1491 Κρατήσας
570 1415 638 1470 τῶν
660 1406 828 1487 πολεμίων
850 1405 907 1470 καί
934 1405 996 1488 τὴν
1019 1405 1177 1489 στρατιάν

154 1511 334 1590 ἐπικλύσας
355 1522 427 1590 ταλς
446 1512 621 1596 ὠφελείαις
640 1513 736 1588 Τίτος
753 1513 911 1588 Κοίντιος
934 1510 1177 1596 όικτατορεύων

154 1618 191 1685 ἐν
213 1619 350 1704 ἡμέραις
373 1617 471 1684 ἐννέα
493 1620 606 1695 πόλεις
629 1616 727 1684 ἐννέα
749 1620 916 1700 πολεμίων
939 1614 1067 1700 ἔλαβεν.

225 1724 425 1810 Ληφθέντες
454 1723 696 1809 ἀμφοτέρωθεν
726 1724 890 1809 ἀγεληδὸν
919 1726 952 1790 ολ
981 1731 1177 1808 θεοστυγεῖς

109 1852 135 1893 ιι
153 1833 390 1915 κατεκόπησαν.
435 1831 545 1897 Ambr.

225 1937 281 2004 VJ.
305 1937 355 2025 (8)
384 1935 454 2004 Ὅτι
480 1939 513 2004 οί
536 1935 686 2020 Ῥωμαῖοι
708 1942 976 2023 μεγαλοπρεπεῖς.
1021 1948 1090 2002 τῶν
1112 1938 1176 2020 γάρ
1186 1953 1259 2004 2310

153 2046 264 2111 ἀλλων
297 2045 413 2130 ὀλίγου
446 2046 519 2111 όελν
550 2044 686 2110 πάντων
718 2041 756 2110 ἐν
786 2065 822 2108 τε
854 2054 924 2121 τοῖς
955 2054 1082 2122 κοινολς
1109 2054 1177 2110 τῶν

153 2153 283 2218 πόλεων
304 2152 473 2238 πράγμασι
495 2152 551 2218 καί
574 2150 612 2218 ἐν
634 2162 704 2229 τοῖς
728 2152 825 2228 ἰδίοις
848 2153 934 2234 βίοις
957 2153 1041 2237 πρὸς
1062 2152 1103 2216 τά
1125 2173 1176 2216 τε·

153 2264 288 2324 λευταία
317 2270 385 2324 τῶν
415 2261 670 2342 συμβαινόντων
697 2261 755 2337 τάς
778 2260 929 2335 διανοίας
951 2265 1176 2344 μεθαρμοττο-

107 2385 134 2426 ιο
152 2365 262 2446 μένων
285 2367 341 2431 καί
363 2366 521 2444 πολλάκις
544 2363 668 2452 ἔχθρας
690 2389 726 2431 τε
746 2366 889 2451 μεγάλας
907 2367 963 2431 διὰ
980 2367 1039 2443 τὰς
1057 2365 1176 2450 τυχού-

153 2488 213 2548 σας
240 2475 497 2557 φιλανθρωπίας
519 2473 775 2556 καταλυομένων
797 2474 853 2539 καί
876 2475 990 2558 φιλίας
1012 2478 1176 2558 πολυχρο-

152 2580 247 2655 νίους
271 2579 326 2644 διὰ
349 2581 449 2664 μικρά
471 2580 527 2646 καί
546 2585 659 2665 φαῦλα
677 2580 934 2665 προσκρούματα
953 2580 1175 2665 διαιρούντων

153 2683 274 2750 ἐκείνοι
292 2685 492 2751 τούναντίον
511 2684 565 2752 ἐπί
583 2698 651 2752 τῶν
670 2689 779 2772 φίλων
798 2683 905 2774 ᾤοντο
919 2696 1039 2772 χρῆναι
1055 2695 1175 2769 ποιεῖν,

151 2802 223 2870 ταῖς
253 2815 288 2858 τε
317 2797 472 2870 παλαιαῖς
502 2793 706 2879 εὐεργεσίαις
732 2796 926 2879 χαρίζεσθαι
948 2795 1006 2870 τὰς
1029 2791 1083 2858 ἐπί
1105 2802 1176 2869 τοῖς

152 2899 358 2985 προσφάτοις
381 2897 582 2984 ἐγκλήμασιν
603 2901 712 2986 ὀργάς.
759 2899 809 2987 (9)
835 2901 1035 2983 Θαυμαστὸν
1052 2899 1114 2982 μὲν
1133 2900 1174 2984 δὴ

151 3007 207 3071 καί
235 3015 334 3072 τοῦτο
364 3016 432 3072 τῶν
462 3006 608 3092 ἀνδρῶν·
641 3006 725 3090 λέγω
754 3008 792 3072 όέ
814 3009 852 3072 τὸ
875 3007 994 3091 μηόενλ
1016 3022 1175 3090 μνησικα-
1223 3035 1226 3045 ·

151 3122 249 3196 κῆσαι
285 3125 354 3182 τῶν
393 3113 606 3197 Τυσκλάνων,
643 3113 726 3179 ἀλλά
762 3114 889 3190 πάντας
925 3113 1060 3198 ἀφεῖναι
1096 3115 1175 3190 τοὺς

152 3216 393 3305 ἐξαμαρτόντας
411 3220 578 3305 ἀζημίους·
597 3225 709 3307 πολλῷ
729 3219 759 3286 θ’
778 3217 826 3286 έτι
843 3221 964 3286 τούτου
981 3220 1175 3304 θαυμασιώ-

111 2871 133 2934 2

107 2958 133 2999 26

222 3401 239 3448 4
262 3391 311 3450 τὸν
335 3393 480 3450 ἑαναίιτῶν
503 3394 598 3450 Ambr.
621 3395 644 3460 Q
718 3402 733 3450 6
757 3373 889 3450 dedomo&
909 3395 1005 3450 Ambr.
1080 3402 1095 3449 7
1120 3395 1174 3448 ἀπ-

151 3463 305 3538 έθνησκον]
325 3466 493 3520 mutandum
511 3483 568 3522 non
587 3469 642 3534 est,
662 3466 761 3520 struve
780 3469 855 3520 errat
