2668 3922
167 215 233 282 226
570 199 620 252 ¹-
658 216 698 268 ΙΒ
736 244 770 254 ·-

166 342 268 406 θεσίν
293 363 369 406 τινα
396 341 478 407 κατὰ
504 351 563 426 τῆς
592 341 719 417 πόλεως
747 338 931 425 γενομένην
959 340 1026 407 ὑπὸ
1056 341 1189 408 δούλων

127 445 354 533 θέφύρασαν.
400 443 539 530 ἔμελλον
562 445 600 512 δὲ
622 447 656 512 ολ
677 446 868 531 μετέχοντες
894 457 953 532 τῆς
979 451 1190 531 συνωμοσίας

166 563 235 640 πῦρ
258 552 458 640 ἐμβαλόντες
479 563 552 631 ταῖς
574 555 693 632 οἰκίαις
715 555 798 620 κατὰ
818 557 965 632 πολλοὺς
982 556 1049 639 ἅμα
1066 558 1190 634 τόπους

167 661 314 747 νύκτωρ,
342 659 441 726 ὁπότε
468 660 612 744 μάθοιεν
634 659 689 727 ἐπί
715 662 778 746 τήν
804 671 872 728 τῶν
898 662 1084 746 καιομένων
1110 665 1190 747 βοη-

136 787 148 828 ε
166 770 268 836 θείαν
290 768 482 854 ὡρμηκότας
504 768 651 846 ἅπαντας
673 770 711 834 τό
733 791 769 834 τε
792 769 1007 836 Καπιτώλιον
1029 769 1085 836 καί
1112 771 1191 847 τοὺς

167 876 290 953 ἀλλους
316 873 483 961 ἐρυμνοὺς
508 875 822 959 καταλαμβάνεσθαι
850 875 989 960 τόπους,
1021 874 1191 962 ἐγκρατεῖς

167 982 206 1048 δὲ
228 984 402 1066 γενόμενοι
423 993 492 1047 τῶν
509 991 678 1068 καρτερῶν
696 992 754 1067 τής
776 984 914 1067 πόλεως,
936 981 991 1050 ἐπὶ
1013 984 1076 1069 τήν
1099 981 1190 1049 ἐλευ-

167 1091 290 1174 θερίαν
307 1092 386 1167 τοὺς
405 1090 528 1168 ἀλλους
545 1089 689 1166 δούλους
707 1093 923 1175 παρακαλεῖν,
945 1090 1001 1156 καὶ
1015 1073 1090 1157 ’σὺν
1108 1088 1190 1158 ἐκεί-

168 1219 241 1273 νοις
267 1194 521 1274 ἀποκτείναντες
547 1198 627 1273 τοὺς
654 1197 816 1274 δεσπότας
842 1198 901 1274 τάς
930 1207 998 1262 τῶν
1024 1216 1190 1283 πεφονευ-

123 1278 278 1408 3μένυν
305 1303 466 1388 γυναῖκάς
493 1325 529 1368 τε
557 1303 613 1370 καί
642 1307 773 1388 κτήσεις
801 1303 1083 1390 παραλαμβάνειν.
1132 1313 1190 1388 τής

167 1410 206 1476 δέ
226 1409 384 1497 ’πράξεως
416 1418 623 1496 περιφανοῦς
655 1409 837 1496 γενομένης
868 1410 1121 1497 συλληφθέντες
1157 1411 1191 1476 ολ

166 1528 293 1604 πρῶτοι
322 1515 506 1594 συνθέντες
534 1518 596 1602 τήν
625 1515 808 1604 ἐπιβουλήν
837 1518 893 1584 καί
924 1517 1190 1602 μαστιγωθέντες

167 1623 222 1691 ἐπί
251 1628 330 1702 τοὺς
360 1625 526 1708 σταυροὺς
555 1623 766 1709 ἀπήχθησαν·
799 1635 867 1691 τῶν
899 1625 937 1692 δδ
967 1625 1190 1710 μηνυσάντων

167 1731 305 1815 αὐτούς,
327 1731 437 1797 όντων
455 1731 561 1815 δυεῖν,
587 1729 785 1818 ἐλευθερίαν
807 1755 844 1798 τε
866 1732 922 1798 καί
944 1732 1093 1818 δραχμὰς
1120 1738 1190 1816 (χι-

122 1859 148 1901 ιι
167 1840 261 1918 λίας>
289 1836 442 1922 ἑκάτερος
465 1834 584 1922 ἔλαβεν
607 1836 643 1904 ἐκ
666 1847 726 1904 τοῦ
750 1839 921 1924 δημοσίου.
967 1838 1077 1905 Ambr.

238 1945 310 2012 VIL
333 1943 383 2032 (7)
399 1942 565 2011 Ἕσπευδε
587 1947 648 2012 τὸν
670 1947 816 2028 πόλεμον
839 1945 1034 2014 συντελέσαι
1060 1943 1099 2014 ἐν
1122 1945 1190 2011 ὀλί-

166 2077 240 2139 γαις
269 2051 406 2138 ἡμέραις
435 2050 453 2117 ό
479 2049 647 2135 Ῥωμαίων
674 2054 842 2138 χιλίαρχος
869 2052 913 2130 ὡς
942 2052 983 2138 δή
1012 2049 1131 2141 ῥᾴδιόν
1158 2076 1190 2118 τι

166 2168 301 2247 πρᾶγμα
320 2159 376 2225 καί
395 2160 478 2225 κατὰ
496 2160 606 2245 χειρὸς
624 2159 714 2248 αύτῷ
733 2160 959 2244 γενησόμενον
976 2158 1190 2246 ὑποχειρίους

126 2270 147 2334 2
166 2270 373 2352 ποιήσασθαι
393 2267 454 2354 μίηι
476 2266 563 2356 μάχη
584 2269 665 2344 τοὺς
687 2268 875 2349 πολεμίους.
920 2275 966 2354 τῷ
991 2265 1030 2332 δὲ
1051 2267 1190 2351 ἡγεμόνι

122 2397 148 2437 ιο
166 2386 234 2440 τῶν
252 2375 420 2456 πολεμίων
438 2371 681 2461 ἐνθυμουμένῳ
699 2375 738 2439 τό
761 2396 796 2438 τε
819 2371 1101 2458 ἐμπειροπόλεμον
1121 2384 1190 2440 τῶν
1320 2369 1321 2404 ³

163 2477 329 2563 Ῥωμαίων
356 2479 412 2544 καί
439 2480 476 2544 τὸ
504 2477 543 2546 ἐν
564 2489 636 2558 τοῖς
662 2481 834 2558 κινδύνοις
861 2481 1057 2566 καρτερικὸν
1081 2480 1190 2564 μάχην

166 2587 228 2669 μὲν
256 2584 292 2652 ἐκ
319 2583 528 2669 παρατάξεως
552 2586 630 2671 ίσην
652 2587 708 2654 καί
733 2588 884 2673 φανερὰν
907 2593 1079 2652 ποιεῖσθαι
1106 2588 1190 2672 πρὸς
1319 2623 1320 2649 ι

166 2693 289 2770 αὐτοὺς
325 2691 387 2758 οὐκ
424 2689 546 2776 ἐδόκει,
583 2693 838 2780 διαστρατηγεῖν
873 2693 912 2760 δέ
947 2695 1008 2760 τὸν
1043 2695 1190 2776 πόλεμον
1318 2777 1319 2782 ¹

167 2799 306 2877 ἀπάταις
330 2799 397 2864 τισί
421 2799 477 2864 καί
499 2799 612 2876 δόλοις
632 2799 688 2865 καί
712 2810 926 2887 παρατηρεῖν,
950 2800 982 2866 εί
999 2822 1032 2865 τι
1054 2799 1190 2866 πλεονέ-

122 2929 148 2971 τι
168 2930 274 2992 κτημα
296 2902 374 2972 καθ’
392 2904 521 2972 ἑαυτῶν
543 2904 666 2972 ἐκεῖνοι
688 2904 899 2993 παρέξουσιν.
939 2907 1050 2974 Λιμόν.

166 3117 197 3171 in
216 3133 249 3172 οε
264 3133 295 3170 re
313 3113 515 3187 κοιμηθέντες,
534 3120 696 3187 corruptum
715 3133 775 3174 εεεε
792 3114 957 3188 νεμηθέντες
975 3121 1071 3174 censet
1090 3117 1188 3173 Struve

167 3194 200 3242 11
223 3197 387 3257 περιφανῶς
404 3187 499 3242 Ambr.
581 3194 613 3244 18
633 3188 817 3262 ἀπήχθησαν]
841 3189 1045 3260 ἀνεπήχθησατ
1068 3207 1091 3244 c.
1106 3189 1189 3246 Hert-

165 3258 225 3314 lein
251 3259 304 3314 Pro
341 3304 347 3316 .
374 3259 532 3314 Wertheim
560 3265 638 3327 18⁷3,
662 3266 679 3315 8
773 3267 807 3314 14
838 3257 929 3330 χιλίας
961 3277 1015 3316 om.
1043 3260 1139 3316 Ambr.
1173 3277 1188 3316 e

166 3329 281 3399 Dionys.
348 3336 428 3398 49,6
457 3347 594 3386 summam
621 3332 715 3386 Maius
743 3331 885 3401 supplevit
967 3337 999 3386 17
1027 3331 1128 3406 ήᾴδιου
1155 3329 1188 3388 τδ
1316 3347 1317 3356 ’

165 3409 281 3471 πρᾶγμα
299 3418 322 3456 ο.
338 3402 436 3457 Struve
491 3408 524 3457 21
543 3412 603 3466 τοῖς
621 3405 713 3460 exstat
728 3402 759 3458 in
772 3401 868 3458 Ambr.
924 3408 957 3458 22
977 3403 1039 3460 ἴσον
1053 3403 1188 3468 Ambr.Q

167 3471 231 3542 ἴσην
250 3472 384 3528 Ambr.A
