2654 3916
574 233 608 242 —
645 206 681 256 ιε
717 233 751 241 -
1108 203 1173 268 281

151 329 310 416 ηκέστους
333 330 388 396 καί
410 330 501 415 παρὰ
524 329 630 414 φύσιν
653 338 723 406 τοῖς
745 329 883 415 ἄρρεσιν
904 327 1027 415 ὕβρεις.
1076 327 1174 394 Vale&

150 435 290 504 εἰδαίιί.
314 459 338 503 ε.
362 459 389 503 ο.
414 436 514 514 Γάιος
536 436 730 522 Λαιτώριος.

222 543 262 611 V.
287 541 337 632 (9)
353 540 427 610 Ἔτι
455 543 493 608 δὲ
520 543 642 609 τούτου
665 542 942 628 θαυμασιώτερον
966 539 1111 627 ἔπραξαν
1134 542 1174 608 οὐ

66 669 142 718 2338
151 655 288 728 πολλοῖς
316 652 481 737 πρότερον
511 652 659 736 χρόνοις,
689 651 797 716 καίτοι
826 649 902 734 περὶ
930 649 1055 715 δοῦλον
1082 659 1176 733 σῶμα

151 757 332 842 γενομένης
364 767 422 842 τῆς
452 756 589 841 ὕβρεως.
644 755 720 834 ἑνὸς
756 757 820 841 γάρ
857 766 924 822 τών
956 756 1176 842 παραδόντων
1208 777 1220 818 ε

151 866 335 941 Σαυνίταις
364 865 402 930 τὸ
430 865 657 950 στρατόπεδον
687 862 867 948 χιλιάρχων
894 863 949 928 καί
978 862 1045 928 ὑπὸ
1075 864 1176 947 ζυγὸν

151 971 383 1056 ὑπελθόντων,
402 973 591 1037 Ποπλιλίου
610 971 684 1048 υίὸς
702 970 748 1047 ώς
766 967 804 1035 ἐν
817 975 924 1056 πολλῇ
941 970 1177 1056 καταλειφθείς

152 1080 252 1166 πενίᾳ
281 1078 417 1143 δάνειον
443 1077 641 1162 ἠναγκάσθη
670 1079 787 1159 λαβεῖν
814 1077 863 1154 εἰς
889 1077 951 1161 την
977 1079 1089 1163 ταφην
1115 1085 1176 1143 τοῦ

152 1187 287 1271 πατρός,
310 1185 355 1263 ώς
378 1183 684 1270 ίρανισθησόμενος
705 1183 772 1249 ὑπὸ
795 1194 863 1250 τών
886 1194 1069 1268 συγγενῶν.
1106 1185 1177 1250 δια-

152 1291 316 1372 ψευσθείς
345 1291 383 1357 δὲ
409 1301 468 1375 τῆς
495 1289 631 1368 ἐλπίδος
658 1290 793 1376 ἀπήχθη
821 1291 905 1377 πρὸς
931 1292 969 1356 τὸ
997 1289 1093 1377 χρόος
1119 1301 1178 1375 της
1196 1313 1222 1351 ιο
1259 1299 1273 1328 ’

153 1400 361 1484 προθεσμίας
388 1398 605 1484 διελθούσης,
632 1398 753 1483 κομιδῇ
781 1397 857 1475 νόος
883 1398 932 1463 ών
953 1397 1009 1463 καί
1035 1406 1076 1483 τη
1102 1397 1178 1476 ὄψει

154 1506 282 1590 ὡραῖος.
329 1499 427 1582 οὗτος
456 1503 497 1570 τά
526 1505 588 1588 μὲν
617 1505 701 1570 άλλα
728 1503 914 1589 ὑπηρετῶν,
944 1503 1007 1570 ὅσα
1033 1503 1177 1581 δούλους
1210 1504 1230 1568 2

52 1695 54 1698 ¹
154 1613 330 1689 δεσπόταις
361 1613 464 1694 νόμος
494 1608 548 1696 ἦν,
579 1611 744 1698 ἠνείχετο,
775 1612 837 1696 την
867 1611 905 1677 δὲ
935 1619 995 1678 τοῦ
1028 1611 1178 1694 σώματος

155 1720 246 1805 ώραν
282 1721 486 1805 χαρίσασθαι
522 1722 740 1802 κελευόμενος
774 1717 952 1803 ἠγανάκτει
991 1717 1047 1784 καί
1083 1716 1179 1804 μέχρι

155 1828 279 1904 παντὸς
310 1824 502 1912 άπεμάχετο.
557 1827 682 1904 πολλάς
714 1826 752 1892 δὲ
784 1827 840 1891 διά
873 1835 972 1892 τοῦτο
1008 1828 1178 1910 μαστίγων
1197 1845 1222 1886 ιι

155 1934 268 2016 λαβὼν
285 1935 414 2018 πληγάς
436 1931 614 2019 ἐξέδραμεν
637 1934 685 2010 εἰς
708 1933 770 2018 την
793 1931 921 2017 άγοριίν
943 1933 998 1998 καί
1021 1933 1100 2010 στάς
1123 1930 1178 1998 ἐπί

154 2041 320 2125 μετεώρου
343 2043 449 2125 τινός,
477 2037 563 2106 ἔνθα
586 2043 731 2116 πολλοὺς
754 2035 868 2121 ἔμελλε
890 2047 948 2122 της
970 2038 1099 2123 ὕβρεως
1121 2041 1178 2122 λη-

154 2153 280 2227 ψεσθαι
315 2145 499 2232 μάρτυρας,
535 2150 597 2231 την
633 2143 661 2210 τ’
694 2145 876 2210 ἀκολασίαν
908 2152 967 2209 τοῦ
1000 2145 1177 2210 δανειστοῦ

155 2253 334 2337 διηγήσατο
357 2253 413 2317 καί
435 2263 504 2318 τών
526 2254 697 2335 μαστίγων
714 2253 793 2329 τοὺς
815 2252 978 2333 μώλωπας
996 2248 1177 2329 ὑπέδειξεν.

73 2377 144 2428 2339
155 2358 443 2444 ἀγανακτήσαντος
481 2358 519 2424 δὲ
555 2367 615 2424 τοῦ
653 2359 760 2444 δήμου
797 2358 853 2424 καί
885 2358 1045 2443 δημοσίας
1077 2330 1223 2460 ὀργῆςζ)ο

155 2463 249 2544 ἰίξιον
278 2464 490 2549 ἡγησαμένου
519 2466 557 2531 τὸ
587 2474 722 2550 πρᾶγμα
752 2464 823 2550 [καί
851 2466 913 2550 την
944 2464 1070 2551 κρίσιν]
1102 2488 1179 2530 κατ-

154 2572 370 2659 ηγορούντων
392 2572 455 2656 την
478 2571 690 2657 εἰσαγγελίαν
713 2583 780 2638 τών
800 2571 978 2658 δημάρχων
1001 2567 1092 2658 ώφλε
1114 2577 1179 2638 θα-

154 2681 257 2746 νάτου
277 2679 383 2764 δίκην.
425 2678 481 2744 καί
499 2675 543 2744 δι’
559 2677 668 2745 ἐκεῖνο
686 2680 724 2745 τὸ
746 2679 857 2756 πάθος
879 2679 1022 2757 ἅπαντες
1045 2679 1077 2744 οἰ
1100 2679 1179 2744 δου-

226 2827 241 2875 ἵ
265 2817 387 2875 ποπλίον
412 2818 514 2873 Turon.
536 2821 566 2873 et
589 2819 704 2886 suidam
730 2819 897 2888 Dionysium
919 2815 1067 2873 ποπλιλίον
1090 2818 1178 2886 scrip·

155 2891 223 2948 εἱεεε
248 2891 344 2946 Livius
362 2890 427 2944 VIII
447 2895 482 2944 28
506 2890 590 2945 docet
606 2887 705 3016 χυλὸς
728 2889 767 2946 δον
791 2891 893 2946 Mon.
912 2887 974 2952 οἰδς
992 2889 1030 2952 ὡς
1047 2889 1151 2943 Βείελιο
1172 2889 1175 2959 λ

153 2963 348 3033 καταληφθείς
375 2961 477 3016 Τοιοα,
508 2978 577 3016 oorr.
633 2963 736 3016 alesius
818 2967 834 3016 8
862 2961 903 3024 εἰς
929 2960 980 3030 τὴν
1007 2959 1101 3030 ταφὴν
1128 2969 1178 3015 τοῦ

153 3031 260 3102 πατρὸς
284 3051 338 3090 om.
361 3033 462 3089 Suidas
541 3039 574 3087 21
599 3041 714 3104 πρᾶγμα
739 3033 789 3088 καί
811 3033 862 3104 τὴν
885 3030 978 3100 κρίσιν
1003 3031 1105 3087 Τυεοιι.
1129 3032 1178 3086 καλ

153 3106 204 3175 τὴν
232 3103 325 3173 κρίσιν
353 3122 406 3160 om.
430 3104 538 3159 Suidas.
576 3105 634 3159 Aut
657 3105 709 3175 τὴν
734 3103 826 3173 κρίσιν
853 3107 903 3158 aut
927 3103 978 3173 τὴν
1004 3101 1178 3173 εἰσαγγελίαν

155 3176 305 3232 delendum
330 3177 443 3232 videtur
468 3177 519 3230 aut
544 3176 568 3230 si
594 3178 691 3230 tamen
712 3178 864 3245 utrumque
883 3177 1024 3229 servamm
1043 3175 1178 3240 volumus,

154 3247 274 3302 fortasse
298 3247 338 3301 εἰο
361 3250 405 3302 est
427 3247 590 3317 legendum:
616 3248 666 3301 καὶ
688 3247 833 3317 εἰσαχθεὶς
857 3247 897 3309 εἰς
922 3245 973 3315 τὴν
998 3243 1090 3314 κρίσιν
1113 3265 1178 3300 κατ-

154 3318 332 3388 ηγορούντων
350 3327 406 3374 τῶν
425 3318 576 3389 δημάρχων
593 3318 644 3388 τὴν
663 3315 846 3388 εἰσαγγελίαν.
875 3317 971 3386 άλοίς,
990 3311 1064 3386 ώφλε
1085 3315 1179 3371 θανά-

155 3407 205 3443 του
224 3386 307 3458 δίκην
330 3389 434 3444 Reiske
457 3397 572 3461 πρᾶγμα
590 3390 691 3460 άχθείς
709 3389 750 3452 εἰς
767 3389 818 3460 τὴν
836 3386 929 3456 κρίσιν
947 3388 1179 3459 κατηγορούντων

155 3459 299 3530 Kiesnling
316 3461 366 3514 καλ
383 3460 434 3531 τὴν
453 3458 545 3529 κρίσιν
565 3478 629 3516 cum
648 3461 737 3514 Suida
756 3460 848 3515 delevi
