2668 3922
588 261 622 268 -
659 233 699 284 [Α
737 261 770 269 -
1125 230 1204 298 195-

170 359 211 424 ού
252 359 318 442 μήν
354 355 501 442 ἐχώρησέ
530 380 567 441 χε
600 357 713 434 αὐτοῖς
749 351 820 422 κατ’
852 355 971 422 ἐλπίδα
1006 357 1043 422 τὸ
1081 352 1229 440 ἐρχον.2
1325 419 1326 436 2

171 470 377 548 συναχθεῖσα
417 465 481 550 χδιρ
522 459 593 528 κατ’
629 463 741 529 αὐτῶν
776 464 796 547 ή
834 465 939 548 βουλή
976 479 1190 549 κατεστρατο-

170 572 379 636 πεδευκότων
418 567 478 648 ἐξω
520 581 577 656 τής
618 572 744 648 πόλεως
782 571 873 648 (εἰς)
909 571 947 635 τὸ
983 571 1190 652 καλούμενον

100 701 103 706 ·
161 677 295 764 ’Ἀρειον
335 678 463 762 πεδίον,
504 678 558 743 καί
596 678 637 742 τδ
671 676 864 764 πραχθέντα
899 673 957 742 ὑπ’
993 677 1190 763 ἀμφοτέρων

170 793 327 869 μαθοῦσα
368 787 429 870 τήν
470 783 634 850 ἐπινίκιον
693 784 756 849 οὐκ
792 782 949 870 ἐπέτρεψε
986 789 1192 870 ποιήσασθαι
1223 805 1235 845 ι

169 895 297 959 θυσίαν
325 897 458 958 πολλῶν
486 892 547 974 μὲν
569 891 625 956 καί
647 892 758 956 ἄλλων
781 889 1055 958 ἐναντιωθέντων
1078 893 1192 968 αὐτοῖς

170 999 206 1066 ἐκ
232 1009 292 1065 τοῦ
321 1007 486 1085 φανεροῦ,
518 998 658 1081 μάλιστα
686 998 724 1063 δὲ
750 999 925 1064 Κλαυδίου
950 1002 1068 1065 Γαίου·
1097 997 1231 1075 θελοςό

170 1107 200 1172 δ’
222 1103 266 1191 ἦν
289 1101 400 1191 οὗτος,
436 1107 545 1188 ὥσπερ
570 1103 666 1190 ἐφην,
692 1104 816 1193 Ἀππίῳ
847 1117 901 1193 τῷ
916 1105 1191 1194 καταστησαμένῳ

170 1215 232 1298 τήν
256 1213 450 1299 ὀλιχαρχίαν
472 1213 528 1278 καί
550 1212 669 1278 νεωστί
690 1211 759 1277 ὑπὸ
778 1222 846 1278 τῶν
864 1213 1043 1299 δημάρχων
1061 1211 1192 1298 ἀναιρε-

171 1319 279 1387 θέντι·
312 1322 392 1397 τούς
423 1343 458 1385 τε
490 1319 704 1405 κυρωθέντας
735 1315 794 1384 ὑπ’
811 1319 929 1384 ἀὐτῶν
957 1321 1081 1403 νόμους
1112 1341 1193 1405 προ·
1211 1340 1237 1380 1⁰

171 1426 390 1511 βαλλομένου,
418 1423 461 1491 δι’
485 1421 533 1491 ὧν
554 1426 747 1510 ήλύττωσαν
774 1427 812 1491 τὸ
835 1435 893 1510 της
916 1429 1041 1510 βουλῆς
1062 1427 1192 1512 κράτος,

101 1517 106 1528 ’
170 1535 226 1599 καὶ
270 1530 373 1598 τᾶλλα
418 1533 654 1616 πολιτεύματα,
700 1533 762 1599 ὅσα
807 1527 900 1598 οὗτοι
941 1535 1193 1617 πολιτευόμενοι

171 1639 370 1706 διετέλεσαν·
408 1642 601 1705 τελευταίαν
624 1639 662 1705 δὲ
683 1641 745 1724 τήν
767 1651 835 1705 τῶν
858 1639 938 1706 δέκα
960 1639 1106 1727 ἀνδρῶν,
1135 1641 1194 1719 οὓς

171 1747 371 1832 προύδωκαυ
402 1757 472 1824 τοῖς
503 1747 696 1833 δημάρχοις,
728 1757 796 1813 τῶν
827 1747 889 1830 μὲν
917 1747 1094 1832 ἀπώλειαν,
1125 1760 1193 1814 τῶν

90 1854 209 1921 εεεεδὲ
232 1855 403 1939 δήμευσιν,
430 1855 475 1932 ὡς
497 1856 586 1939 παρὰ
604 1857 684 1931 τοὺς
707 1854 827 1940 ὅρκους
849 1855 905 1920 καὶ
928 1857 986 1932 τὰς
1009 1859 1193 1940 συνθήκας,
1213 1874 1238 1914 ιι
1325 1859 1326 1894 ¹

171 1959 358 2040 διεξιόντος.
404 1963 445 2027 τὰ
474 1963 537 2047 χδιρ
568 1959 623 2027 ἐπί
651 1973 719 2026 τῶν
752 1962 851 2047 ἱερῶν
877 1961 1234 2045 συνομολογηθέντα4

170 2079 240 2146 τοῖς
277 2071 463 2155 πατρικίοις
498 2070 582 2154 πρὸς
613 2070 691 2145 τοὺς
724 2068 922 2152 δημοτικούς
955 2065 1006 2134 ἐπ’
1029 2066 1125 2154 ύδείηι
1157 2091 1194 2132 τε

171 2175 306 2240 πάντων
330 2175 491 2259 γενέσθαι
515 2176 571 2240 καί
596 2175 760 2260 ἀμνηστίᾳ
784 2184 851 2238 τῶν
875 2173 1059 2260 προτέρων·
1083 2175 1143 2239 τόν
1161 2171 1189 2238 τ’

168 2281 308 2347 Ἀππίου
340 2282 492 2347 θάνατον
524 2282 586 2346 ούκ
618 2281 809 2368 αὐτοχειρία
840 2279 1001 2364 γενέσθαι
1028 2277 1194 2366 λέγοντος,

174 2384 245 2453 ἀλλ’
272 2386 456 2471 ἐπιβούλως
487 2387 553 2453 ύπδ
591 2399 658 2453 τῶν
690 2387 868 2472 δημύρχων
900 2388 964 2473 πρὸ
998 2388 1106 2472 δίκης,
1139 2388 1195 2453 ἵνα
1213 2412 1239 2452 εο

172 2498 252 2579 μήτε
275 2497 377 2578 λόχου
401 2497 483 2584 τύχη
501 2496 697 2581 κρινόμενος
715 2493 788 2578 μήτ’
805 2492 911 2578 ἐλέου,
930 2495 989 2579 ὡς,
1008 2497 1038 2560 εί
1055 2494 1193 2580 κατέστη

173 2613 259 2685 χοῦν
286 2603 334 2679 είς
360 2603 471 2688 κρίσιν
495 2601 594 2688 ἁνήρ,
618 2601 814 2687 (ἀπέφυγεν
838 2600 901 2681 δν)
926 2601 1046 2686 γένους
1070 2600 1195 2686 ἀξίωμα

173 2711 396 2796 παρεχόμενος
418 2709 474 2775 καὶ
497 2710 604 2775 πολλδι
621 2710 659 2774 τὸ
677 2710 794 2775 κοινὸν
813 2703 850 2774 εὖ
869 2711 1056 2794 πεποιηκὼς
1074 2709 1195 2794 ὅρκους

173 2839 207 2880 τε
230 2816 285 2882 καί
308 2819 434 2894 πίστεις
457 2814 694 2901 ἐπιβοώμενος,
718 2808 769 2894 αἷς
790 2816 966 2902 ἅνθρωποι
983 2817 1195 2894 πιστεύοντες

246 3064 328 3135 ιιι]
354 3064 431 3117 ιιι
505 3063 585 3125 aete
609 3063 673 3117 add.
695 3063 838 3133 Kiessling
911 3068 944 3116 ιι
964 3060 1016 3116 εει
1034 3081 1084 3116 ιιι
1100 3105 1194 3116 .....
1261 3045 1264 3050 ’

174 3131 381 3203 πολιτευόμενοι
395 3136 417 3188 L
436 3133 489 3189 ὅσα
503 3130 581 3190 ούτοι
593 3153 622 3188 π.
632 3134 688 3188 VM
707 3133 760 3190 ὅσα
773 3134 843 3203 ὑπὲρ
857 3143 907 3188 τοῦ
922 3133 1012 3203 δήμου
1026 3153 1055 3188 π.
1068 3151 1090 3188 ο.
1102 3133 1195 3188 Κίοει-

174 3205 235 3274 ling
285 3211 317 3260 15
338 3206 483 3275 συνθήκας
500 3203 653 3276 γενομένην
672 3223 694 3259 ο.
710 3205 853 3276 Kiessling
871 3205 1036 3259 dubitanter
1086 3211 1118 3259 21
1139 3203 1196 3260 ἐλέ-

175 3295 224 3338 ους
248 3275 270 3330 O
298 3273 375 3332 ἐλέου
402 3277 573 3347 Grasberger
600 3277 700 3332 Philol.
722 3283 765 3345 28,
784 3282 836 3332 349
919 3283 953 3330 22
979 3276 1051 3346 ἀνὴρ
1075 3276 1097 3332 Ο
1124 3276 1195 3346 ἁνήρ

174 3347 317 3416 Kiessling
337 3348 340 3420 ή
362 3352 427 3417 post
446 3349 519 3418 ἀνὴρ
539 3349 604 3403 add.
624 3346 767 3418 ἀπέφυγεν
787 3347 823 3403 δν
841 3348 944 3402 Reiske
1017 3354 1051 3402 23
1070 3348 1158 3402 πολλὰ
1178 3347 1196 3402 δι

174 3416 206 3474 τὸ
229 3415 326 3474 κοινὸν
350 3418 480 3486 ἐφαίνετο
504 3415 534 3475 εύ
558 3421 718 3488 πεποιηκὼς
736 3438 759 3475 ο.
774 3419 877 3474 Reiske
951 3426 985 3474 24
1004 3419 1195 3488 ἄνθρωποιΟ

178 3490 205 3545 ολ
224 3489 374 3558 ἄνθρωποι
391 3491 475 3560 vulgo
495 3490 644 3561 ἅνθρωποι
662 3492 805 3562 Kiessling

983 3599 1036 3652 13*
