2654 3916
581 208 748 258 -K-
1110 205 1176 271 325

157 331 195 397 δέ
226 329 321 417 μέχρι
352 329 413 413 μέν
445 351 536 406 τινος
567 327 780 414 ἐκκαιομένης
811 338 869 413 της
901 327 1046 415 ὁράσεως
1078 329 1177 415 ἀλγη-

157 437 259 516 δόνας
284 460 320 502 τε
348 437 460 514 δεινάς
482 435 660 519 ὑπομένων
681 437 830 521 ἠνείχετο
852 437 913 502 τὸν
937 437 1053 522 ἰατρὸν
1075 453 1177 522 προσ-

157 545 348 630 δεχόμενος,
376 543 421 621 ὡς
443 541 481 609 δέ
503 546 608 621 πολὺς
631 542 780 628 ἐγίγνετο
808 543 871 623 <ὁ>
898 544 1018 628 χρόνος
1041 543 1097 609 καί
1119 544 1178 622 τάς

155 651 379 737 περιωδυνίας
410 649 575 727 ἀδύνατος
606 647 649 735 ἦν
681 647 729 715 ἔτι
762 649 888 736 φέρειν,
926 652 1108 734 σπογγίσας
1139 652 1177 716 τὸ

156 758 333 843 φάρμακον
368 757 424 822 καί
460 760 538 835 τοὺς
579 758 778 844 ὀφθαλμοὺς
818 755 952 835 ἀνοίξας
993 753 1078 840 ἔγνω
1119 758 1178 835 τὰς
1210 777 1222 819 ι

155 864 249 943 ὄψεις
271 861 509 947 ἐκκεκαυμένος
530 865 586 931 καί
607 867 668 932 τὸν
687 863 720 943 ἐξ
744 863 874 930 ἐκείνου
892 866 1017 950 χρόνον
1035 862 1178 946 διέμεινε

155 972 296 1056 τυφλός·
322 970 445 1058 ἡμέρας
472 995 507 1037 τε
535 972 649 1058 ὀλίγας
676 969 724 1037 ἐτι
751 970 963 1057 περιενέγκας
988 971 1179 1058 ὑποχείριος

155 1087 226 1155 τοῖς
253 1075 422 1161 Ῥωμαίοις
454 1080 603 1163 γίγνεται
634 1077 843 1165 συλληφθεὶς
873 1077 940 1143 ὑπὸ
972 1090 1040 1145 τῶν
1074 1079 1178 1145 ἰδίων.

156 1185 281 1270 ταύτην
303 1187 367 1271 γάρ
392 1186 542 1268 οἰόμενοί
562 1207 650 1263 τινες
672 1183 857 1270 ἀπολογίαν
876 1184 1094 1271 [Φαβρικίου]
1117 1186 1219 1270 την4

156 1314 191 1356 τε
219 1293 319 1357 πόλιν
346 1289 494 1380 ἀνέῳξαν
521 1301 566 1380 τῷ
594 1301 765 1380 στρατηγῷ
795 1292 851 1357 καί
879 1293 940 1358 τὸν
967 1292 1092 1358 Δέκιον
1121 1293 1179 1377 δή·
1198 1313 1224 1354 ιο

157 1414 274 1477 σαντες
306 1397 497 1484 παρέδοσαν
532 1401 711 1487 Φαβρικίφ.
766 1397 783 1464 ὁ
819 1398 857 1464 δὲ
892 1400 954 1483 τὴν
986 1399 1047 1480 μέν
1079 1399 1179 1464 πόλιν

157 1505 342 1572 ἀποδίδωσι
368 1516 439 1583 τοῖς
465 1515 618 1593 περιοῦσι
637 1503 806 1590 Ῥηγίνων,
835 1508 913 1583 τοὺς
941 1505 979 1570 δέ
1007 1508 1180 1591 φρουροὺς

156 1613 287 1678 ἅπαντα
316 1617 509 1678 καταλιπεῖν
539 1612 672 1679 αὐτόθι
690 1613 848 1691 κελεύσας
877 1612 1048 1698 ἀπήγαγεν
1077 1609 1179 1677 οὐδὲν

156 1717 419 1805 ἐπιφερομένους
442 1716 502 1797 ἔξω
526 1731 594 1787 τῶν
617 1720 742 1786 δπλωυ·
766 1717 799 1798 ἐξ
823 1714 872 1786 ὧν
894 1722 973 1798 τοὺς
997 1717 1219 1805 κορυφαιο-5

156 1825 276 1902 τάτους
298 1826 424 1912 άνδρας
446 1824 691 1912 ἐπιλεξάμενος,
719 1827 779 1905 οὓς
802 1826 990 1912 ἀπέφαινον
1013 1828 1046 1892 οἰ
1068 1826 1179 1892 λοιπολ
1198 1845 1224 1888 ιε

156 1943 224 1999 τῶν
240 1932 386 2000 ἀνοσίων
400 1933 638 2018 βουλευμάτων
652 1927 738 2000 εἰναι
754 1934 948 2017 κοινωνούς,
962 1933 1119 2016 δεσμίους
1133 1935 1181 2010 εἰς

152 2037 278 2125 Ῥώμην
290 2042 428 2126 ἤγαγεν·
444 2040 503 2118 οδς
517 2039 554 2106 ἐν
569 2040 675 2127 ἀγορᾷ
687 2039 839 2122 μάστιξιν
852 2041 1070 2123 αἰκισάμενοι,
1080 2041 1124 2118 ὡς
1136 2036 1180 2124 ἦν

157 2147 298 2232 πάτριον
325 2145 380 2212 ἐπί
407 2157 476 2224 τοῖς
503 2146 702 2232 κακούργοις
725 2147 890 2232 κείμενον,
916 2147 1111 2212 ἀπέκτειναν
1133 2157 1179 2233 τῷ

156 2253 286 2320 πελέκει
303 2254 362 2330 τάς
379 2254 525 2338 κεφαλὰς
544 2252 781 2337 ἀποκοπέυτας,
796 2252 888 2332 ἐκτὸς
901 2256 1027 2320 Δεκίου
1045 2253 1101 2319 καί
1119 2262 1180 2319 τοῦ

156 2359 383 2446 γραμματέως·
402 2354 495 2424 οὗτοι
513 2359 551 2425 δὲ
569 2360 881 2447 παρακρουσάμενοι
899 2365 977 2439 τοὺς
995 2360 1180 2446 φυλάττον·
1198 2382 1225 2421 ιο

155 2489 214 2544 τας
227 2465 248 2552 ἢ
262 2468 427 2552 χρήμασιν
441 2465 649 2552 ὠνησάμενοι
662 2468 700 2533 τὸ
712 2469 755 2552 μὴ
767 2465 840 2551 μεθ’
848 2467 977 2554 ὕβρεως
991 2465 1180 2534 ἀποθανεῖν

156 2572 297 2650 ἑαυτοὺς
310 2573 558 2659 διεχειρίσαντο.
591 2574 646 2639 καί
666 2575 848 2657 ταῦταμὲν
867 2573 921 2640 έπί
939 2574 1077 2652 τούτοις.
1107 2574 1180 2640 Εεα.

228 2679 283 2747 VI.
313 2679 381 2767 (19,
404 2681 440 2764 2)
468 2680 581 2758 Αὐτὸς
608 2681 645 2746 δέ
673 2681 691 2746 ὁ
718 2683 856 2768 Πύρρος
883 2684 962 2759 τοὺς
985 2679 1180 2766 Ὁμηρικοὺς

157 2785 444 2874 ἐπιφθεγξάμενος
471 2790 620 2874 στίχους,
653 2786 712 2866 οὓς
732 2785 859 2876 Ἕκτωρ
888 2789 977 2875 αὐτῷ
1005 2789 1180 2872 πεποίηται

157 2895 241 2978 πρὸς
258 2895 388 2961 Αἴαντα
407 2894 525 2980 λέγων,
548 2895 593 2973 ὡς
610 2894 676 2962 ὑπὸ
694 2892 860 2978 Ῥωμαίων
880 2895 1074 2981 εἰρημένους
1096 2895 1180 2979 πρὸς
1198 2913 1224 2955 ιε

158 2999 291 3066 έαυτόν·

230 3181 245 3230 3
265 3175 280 3233 δ
301 3178 365 3233 add.
385 3177 475 3233 Fedor
547 3183 563 3231 6
587 3175 792 3248 ἐκκενουμένας
811 3178 924 3245 willer,
944 3177 1020 3246 quod
1037 3176 1181 3246 Kiessling

157 3247 277 3316 κουρία
293 3249 326 3302 cf.
338 3249 434 3305 Nabar
447 3249 550 3304 Mnom.
561 3254 604 3316 80,
614 3255 667 3303 260
718 3255 734 3303 9
750 3247 905 3321 Φαβρικίου
919 3249 1063 3319 Kiessling
1076 3247 1181 3303 delevit

157 3321 312 3388 praeeunte
326 3319 441 3388 Εοδοιο,
461 3321 510 3390 qui
527 3323 622 3375 utrum
642 3323 716 3375 stare
735 3323 831 3389 posset
849 3338 886 3375 an
905 3321 1092 3390 supplendum
1107 3321 1181 3374 esset

157 3389 236 3459 παρὰ
253 3389 299 3444 vel
316 3388 387 3459 πρὸς
405 3391 548 3476 δωοὶιενίι
609 3397 642 3446 12
660 3393 726 3455 τους
740 3392 770 3447 θλ
785 3392 912 3462 φρουράς
930 3393 991 3448 Εεο.
1007 3409 1076 3447 corr.
1090 3391 1181 3445 δέδαε

158 3467 193 3516 24
212 3459 243 3526 ὃς
261 3461 357 3516 Ambr.
377 3461 426 3525 οθς
445 3462 460 3518 ὀ
479 3463 572 3518 Malus
