2662 3920
600 213 755 263 -Ι-
1142 211 1183 278 51

166 335 216 410 ἐπ’
238 336 361 413 αὐτοὺς
388 333 620 414 ἐξελεύσεσθαι
647 336 792 419 δύναμιν
816 337 872 402 διὰ
899 337 961 420 τὴν
982 336 1187 422 κατέχουσαν

165 442 204 508 ἐν
230 451 270 529 τῇ
289 446 394 509 ’πόλει
422 443 549 528 στάσιν,
577 445 609 508 ολ
635 443 697 526 μὲν
724 443 845 509 ὕπατοι
872 445 933 528 την
956 445 1084 528 βουλὴν
1107 461 1186 510 συν-

165 555 303 636 ήγαγον,
331 551 375 628 δις
402 551 477 636 περὶ
504 561 573 618 τῶν
596 551 687 616 1όλῶν
715 547 854 636 ἔσχατον
880 559 979 618 τοῦτο
1006 553 1187 634 βουλευσό-

88 684 90 692 ³
165 681 267 740 μενοι.
312 657 486 745 ῥηθέντων
509 658 546 724 δὲ
568 663 702 724 πολλῶν
725 660 834 742 λόγων
856 668 985 744 πρῶτος
1007 656 1226 744 ἐρωτηθελς2

165 765 302 850 γνώμην
320 765 461 842 Λεύκιος
480 767 651 848 Κοίντιος,
675 764 693 830 ὁ
714 774 759 853 τῶ
782 767 987 850 παρελθόντι
1009 766 1187 848 γενόμενος
1219 789 1231 828 ι

166 869 236 938 ἔτει,
259 872 436 958 δικτάτωρ,
464 872 548 958 άνηρ
577 869 617 938 οὐ
645 873 751 954 μόνον
774 873 814 936 τά
836 870 976 954 πολέμια
999 873 1187 950 δεινότατος

165 991 233 1045 τῶν
258 975 339 1046 καθ’
362 978 492 1064 ἑαυτόν,
520 979 604 1045 άλλδ
630 979 686 1045 καὶ
713 979 754 1044 τδι
780 981 931 1044 πολιτικά
961 979 1071 1046 δοκῶν
1101 974 1187 1046 εἶναι

166 1087 431 1172 φρονιμώτατος,
460 1087 597 1172 γνώμην
624 1086 817 1171 ἀπεφήνατο
845 1086 1025 1171 <τηνδι>·,
1047 1085 1187 1168 μάλιστα

84 1209 154 1259 2061
165 1195 227 1278 μὲν
244 1197 378 1260 πείθειν
399 1193 482 1270 τούς
501 1216 536 1259 τε
560 1193 749 1278 δημάρχους
771 1194 827 1260 καλ
849 1196 928 1271 τοὺς
950 1195 1072 1270 άλλονς
1094 1195 1186 1260 πολί-

165 1325 228 1379 τας.
249 1305 311 1387 την
338 1302 407 1384 μὲν
422 1301 507 1386 ὑπὲρ
530 1309 590 1366 τοῦ
618 1302 723 1383 νόμου
748 1300 930 1384 διάγνωσιν
953 1299 1058 1370 οὐθὲν
1081 1299 1118 1366 ἐν
1141 1311 1186 1390 τῷ
1205 1325 1231 1365 ιο

165 1411 306 1494 παρόντι
332 1409 594 1490 κατατείνουσαν
622 1407 669 1484 είς
697 1405 830 1492 ἑτέρους
859 1405 1089 1490 ἀναβαλέσθαι
1117 1431 1187 1472 και-

167 1519 247 1599 ροὺς
270 1513 567 1599 ἐπιτηδειοτέρους,
594 1515 657 1580 τὸν
678 1511 708 1581 δ’
727 1512 765 1580 όν
786 1514 902 1599 χερσίν
924 1514 1006 1579 ὄντα
1026 1515 1083 1581 καί
1106 1515 1187 1584 ὅσον

167 1623 260 1687 οὔπω
292 1631 332 1706 τῇ
363 1622 460 1688 πόλει
491 1621 711 1707 πλησιάζοντα
743 1623 888 1704 πόλεμον
920 1622 1067 1707 άρασθαι
1093 1623 1187 1713 πάση

166 1731 356 1816 προθυμία,
378 1728 442 1794 καί·
460 1729 503 1813 μη
526 1729 690 1815 περιιδεῖν
711 1729 773 1812 την
796 1728 876 1810 μετὰ
899 1733 1033 1797 πολλῶν
1054 1736 1187 1814 κτηθεῖ-

167 1853 231 1902 σαν
252 1837 447 1920 ’ἡγεμονίαν
483 1837 597 1902 πόνων
633 1837 776 1922 αἰσχρῶς
812 1835 868 1900 καλ
902 1835 1075 1921 ἀνάνδρως
1107 1837 1187 1908 ἀπο·
1206 1859 1231 1900 ιε

167 1942 318 2028 λομένην.
366 1941 427 2008 ἐὰν
453 1943 491 2008 δὲ
518 1945 561 2027 μὴ
590 1945 747 2028 πείθηται
774 1942 792 2008 ὁ
821 1942 938 2026 δῆμος,
967 1946 1046 2020 τοὺς
1073 1945 1226 2028 πατρι-3

165 2053 260 2128 κίους
297 2051 363 2134 άμα
400 2059 471 2127 τοῖς
506 2050 661 2127 πελάταις
696 2048 1009 2131 καθυπλισαμένους
1048 2061 1116 2120 τῶν
1155 2051 1184 2115 τ’
1314 2045 1318 2050 ’

166 2159 277 2223 άλλων
308 2161 454 2224 πολιτῶν
490 2159 753 2242 παραλαβόντας,
780 2148 843 2233 ὀἷς
878 2151 922 2240 ἦν
953 2154 1068 2222 ἑκοῦσι
1108 2173 1187 2222 σνν-

165 2265 313 2349 άρασθαι
335 2273 401 2330 τοῦΔ
419 2266 598 2330 καλλίστου
622 2263 759 2348 <ὑπὲρ>
782 2272 841 2347 τῆς
863 2263 1022 2348 πατρίδος
1048 2263 1187 2348 ἀγῶνος,

165 2380 287 2457 χωρεῖν
305 2371 489 2457 προθύμως
507 2369 561 2436 ἐπὶ
582 2372 642 2437 τὸν
660 2372 807 2452 πόλεμον
828 2369 943 2454 θεούς,
966 2369 1040 2436 ὅσοι
1062 2371 1187 2458 φυλάτ-
1206 2394 1232 2434 ιο

165 2493 262 2544 τουσι
284 2479 345 2562 τὴν
364 2475 531 2560 Ῥωμαίων
553 2479 662 2561 πόλιν,
684 2477 849 2562 ἡγεμόνας
870 2487 929 2562 τῆς
950 2474 1068 2556 ἐξόδου
1093 2500 1187 2568 ποιηὴ

166 2584 338 2668 σαμόνους.
372 2587 605 2669 συμβήσεσθαι
622 2585 686 2670 γάρ
706 2583 818 2661 αὐτοῖς
836 2585 932 2650 δυεῖν
949 2589 1061 2652 καλῶν
1079 2583 1188 2672 ἔργον
1204 2587 1226 2650 4

165 2693 220 2758 καλ
253 2693 393 2762 δικαίαν
423 2691 580 2777 θάτερον,
616 2691 636 2776 ἢ
669 2693 768 2777 νίκην
799 2689 1036 2776 ἐξενέγκασθαι
1070 2704 1187 2759 πασῶν

166 2794 215 2864 ὧν
234 2800 333 2867 αὐτοί
352 2820 432 2864 ποτε
452 2797 473 2882 ἢ
497 2799 530 2864 οἱ
552 2797 690 2884 πατέρες
708 2797 924 2883 όξηνόγκαπο
944 2799 1186 2886 λαμπροτάτην,

239 3017 254 3065 3
269 3007 465 3082 βουλευόμενοι
479 3011 531 3064 ΑΒ
551 3007 764 3082 βουλευσόμενοι
777 3011 803 3064 R
858 3016 872 3064 ‘1
888 3013 984 3066 δοκεῖν
999 3011 1021 3066 Ο
1036 3013 1150 3081 praeter
1163 3012 1185 3079 B

167 3087 183 3136 8
206 3081 531 3152 *ἀπεφήνατομάλιστα
550 3080 626 3135 ABa
650 3081 676 3135 ά.
694 3081 724 3136 ἐν
741 3078 759 3154 ᾖ
778 3081 896 3150 μάλιστα
913 3081 973 3150 Bb;
995 3083 1026 3137 in
1044 3082 1074 3138 ἐν
1093 3079 1110 3155 ᾗ
1129 3084 1187 3138 exi-

166 3155 227 3207 tum
250 3154 396 3224 participii
418 3155 452 3208 ut
475 3154 556 3226 [πᾶσι
574 3151 792 3224 κεχαρισμ]όνην
816 3153 906 3208 latere
931 3153 1118 3225 Kiesslingius
1141 3173 1186 3209 su-

166 3226 301 3294 spicatur,
324 3226 379 3279 nisi
397 3227 431 3278 ut
449 3241 466 3278 κ
486 3226 641 3280 correctore
663 3225 760 3278 fictum
784 3224 892 3292 βοώσας
913 3225 996 3295 τήνδε
1015 3243 1072 3297 οςο
1087 3227 1187 3280 addidi

167 3297 242 3364 quod
261 3313 284 3350 e.
300 3297 394 3366 gratia
412 3295 450 3350 IX
467 3301 509 3363 49,
525 3303 541 3350 3
560 3297 653 3351 exstat
688 3363 689 3366 ρ
726 3293 873 3350 9πείθειν
892 3297 917 3350 Α
939 3294 1035 3352 πείθει
1053 3298 1076 3351 Β
1095 3316 1112 3353 ν
1130 3298 1186 3352 litt.

167 3383 248 3420 erasa
310 3374 342 3422 11
363 3366 574 3438 ἀναβάλλεσθαι
592 3367 637 3420 Ba
700 3373 733 3422 13
751 3365 941 3436 πλησιάσαντα
960 3385 983 3422 ο.
999 3369 1159 3438 Stephanus
1180 3369 1184 3441 1

167 3437 307 3506 αἴρασθαι
325 3439 371 3492 Ba
445 3444 478 3492 15
502 3436 689 3510 ἀπολομένην]
713 3436 906 3508 ἀπολλυμένην
927 3456 950 3494 ο.
969 3440 1065 3496 Naber
1082 3441 1184 3508 Mnem.

167 3515 210 3577 30,
225 3515 277 3564 254
351 3515 384 3564 19
403 3510 473 3578 ὑπὲρ
494 3510 558 3564 add.
573 3509 676 3564 Reiske
889 3519 890 3524 ’

930 3619 1025 3676 ,4*
