2662 3920
152 218 195 282 36
581 218 736 268 -Ι-

111 343 132 407 3
152 342 318 428 ἀγαπῆσαι
340 340 541 426 τηλικαύτην
564 341 777 424 λαμβάνοντα
799 345 905 426 τιμήν.
951 351 1078 426 κατεῖχε
1107 343 1170 425 γάρ

152 448 255 516 αὑτὸν
273 447 327 514 έπί
345 459 403 532 τής
421 448 581 532 ὑπατικῆς
599 445 749 526 ἐξουσίας
767 449 788 532 ή
807 450 912 532 βουλή
931 450 1056 525 πολλὰς
1069 465 1171 534 προσ-

152 555 302 641 φέρουσα
330 556 473 639 δεήσεις,
500 553 572 620 έπεί
598 556 636 620 τὸ
659 557 773 640 τρίτον
797 557 829 622 οἱ
852 557 1014 642 δήμαρχοι
1037 555 1260 642 διεπρά-εοεῖ

152 659 249 740 ξαντα
281 663 325 745 μή
358 661 550 728 ἀποθέσθαι
579 663 641 746 τήν
671 661 787 747 ἀρχήν,
815 663 859 740 ὡς
887 660 1171 745 ἐναντιωσόμενον

120 791 132 831 ε
152 769 265 846 αὐτοῖς
283 769 339 834 καί
357 769 528 834 παύσοντα
546 780 614 834 τῶν
631 779 758 834 καινῶν
775 769 1034 853 πολιτευμάτων,
1052 771 1092 835 τά
1110 770 1171 854 μὲν

152 875 256 960 αἰδοῖ,
278 877 319 940 τδι
342 875 381 941 δὲ
403 877 514 963 φόβῳ,
537 877 597 942 τὸν
620 875 658 941 δὲ
681 876 789 959 δῆμον
812 875 923 962 δρῶσα
950 875 1012 942 οὑκ
1037 875 1171 942 άναινό-

151 1005 254 1064 μενον
283 979 339 1046 ὑπ’
369 981 492 1067 ἀνδρὸς
522 981 654 1066 ἀγαθοῦ
685 983 856 1068 ἄρχεσθαι.
901 982 919 1048 ό
948 982 978 1048 δ’
1004 984 1081 1048 ούτε
1103 995 1171 1049 τῶν

152 1089 329 1176 δημάρχων
352 1088 501 1155 ἐπαινεῖν
525 1085 589 1174 ἔφη
607 1090 645 1154 τὸ
664 1088 925 1175 άπαραχώρητον
943 1096 1002 1174 τής
1021 1088 1171 1168 ἐξουσίας

111 1197 228 1262 4ούτε
256 1195 355 1274 αὑτὸς
382 1198 429 1274 εἰς
458 1196 577 1278 ὁμοίαν
600 1194 738 1274 ἐκείνοις
760 1194 852 1280 ήξειν
875 1197 1045 1282 διαβολήν.
1092 1214 1171 1264 συν-

107 1327 133 1366 ιο
152 1304 286 1387 αγαγὼν
313 1304 351 1369 δὲ
377 1305 437 1370 τὸν
464 1305 572 1388 δῆμον
598 1304 645 1380 εἰς
668 1301 844 1388 ἐκκλησίαν
866 1304 922 1370 καί
945 1305 1073 1388 πολλήν
1095 1327 1171 1370 κατ-

151 1412 292 1496 ηγορίαν
318 1422 386 1476 τῶν
409 1410 471 1476 οὑκ
494 1409 745 1492 ἀποτιθεμένων
767 1411 824 1488 τάς
848 1409 950 1497 ἀρχάς
973 1411 1171 1494 διαθέμενος

152 1518 272 1604 ὅρκους
290 1540 325 1582 τε
344 1517 583 1599 διομοσάμενος
603 1518 761 1602 ἰσχυροὺς
779 1518 855 1603 περί
871 1525 931 1582 τοῦ
945 1520 989 1602 μή
1004 1522 1172 1602 λήψεσθαι

151 1624 252 1690 πάλιν
283 1625 345 1708 τήν
377 1623 548 1707 ὑπατείαν,
580 1623 661 1710 πρίν
693 1623 884 1690 ἀποθέσθαι
914 1625 976 1708 τήν
1006 1625 1171 1711 προτέραν

152 1731 267 1816 ἀρχήν,
305 1740 464 1816 προεῖπεν
503 1729 724 1816 ἀρχαιρεσίων
760 1731 898 1817 ἡμέραν·
948 1730 985 1797 ἐν
1019 1723 1042 1821 ᾖ
1075 1756 1173 1798 κατα-

107 1860 133 1900 ιε
152 1841 272 1922 στήσας
303 1837 451 1914 ὑπάτους
487 1833 586 1927 άπήει
622 1839 723 1903 πάλιν
759 1840 806 1916 εἰς
842 1839 880 1904 τὸ
912 1839 1032 1924 μικρὸν
1064 1836 1172 1904 έκεῖνο

150 1946 313 2028 καλύβιον
335 1945 390 2009 καί
413 1945 473 2009 τὸν
497 1945 686 2031 αὐτουργὸν
709 1942 762 2030 έζη
787 1948 864 2028 βίον
887 1946 932 2022 ὡς
953 1948 1127 2031 πρότερον.

222 2052 292 2118 XX.
330 2053 478 2118 Κοίντου
517 2051 555 2118 δὲ
595 2055 724 2135 Φαβίου
764 2053 976 2136 Οὐιβολανοῦ
1017 2057 1172 2138 παρειλη-

152 2162 253 2244 φότος
285 2161 347 2244 τήν
376 2158 537 2224 ὑπατείαν
569 2160 606 2224 τὸ
636 2161 750 2244 τρίτον
779 2160 834 2224 καί
863 2161 1010 2226 Λευκίου
1040 2164 1172 2245 Κορνη-

152 2270 226 2332 λίου
249 2267 305 2332 καί
328 2266 515 2332 τελούντων
538 2269 698 2352 πατρίους
721 2263 852 2350 ἀγῶνας
870 2267 1029 2332 Αἰκανῶν
1053 2267 1253 2351 άνδρεςεοεε

107 2395 134 2436 ιο
151 2372 315 2439 ἐπίλεκτοι
349 2377 480 2458 πλῆθος
514 2369 601 2458 ἀμφὶ
634 2377 712 2450 τοὺς
749 2371 987 2457 ἑξακισχιλίους
1023 2373 1171 2460 ὁπλισμῷ

151 2478 179 2545 τ’
207 2481 337 2568 εὐζώνῳ
375 2480 633 2563 συνεσταλμένοι
669 2481 725 2545 καί
758 2478 796 2545 ἐν
827 2480 924 2546 νυκτί
956 2480 1172 2566 ποιησάμενοι

152 2589 213 2672 τήν
240 2584 356 2665 έξοδον
384 2589 523 2666 σκότους
551 2584 599 2652 ἔτι
626 2588 723 2664 ὄντος
750 2585 805 2651 έπί
828 2588 927 2652 πόλιν
951 2584 1172 2672 ἀφικνοῦνται

157 2695 369 2779 Τυσκλάνων,
400 2695 421 2778 ή
454 2692 524 2758 ἐστι
559 2695 621 2776 μὲν
652 2703 712 2758 τοῦ
744 2697 900 2759 Λατίνων
932 2691 1071 2778 ἔθνους,
1108 2691 1172 2780 άφ-

153 2801 266 2886 έστηκε
299 2801 337 2866 δέ
366 2807 424 2887 τῆς
452 2799 574 2885 Ῥώμης
606 2800 667 2866 οὐκ
699 2797 836 2866 ἔλαττον
868 2802 1013 2867 σταδίων
1045 2800 1171 2867 ἑκατόν.

107 2883 306 3012 2Ξεὺρόντες
339 2909 376 2974 δὲ
408 2909 452 2986 ὡς
483 2906 522 2973 ἐν
554 2909 668 2997 εἰρήνη
696 2909 803 2984 πύλας
829 2931 864 2973 τε
893 2905 1086 2986 ἀκλείστους
1117 2909 1172 2974 καί

152 3027 258 3102 τεῖχος
281 3013 475 3101 ἀφύλακτον
495 3016 628 3101 αἰροὺσι
650 3017 711 3100 τήν
730 3017 829 3082 πόλιν
852 3013 885 3093 ἐξ
909 3014 1035 3101 ἐφόδου
1056 3033 1172 3100 μνησι-

152 3133 331 3200 κακοῦντες
353 3133 421 3201 τοῖς
449 3121 667 3205 Τυσκλάνοις,
693 3123 744 3187 ὅτι
767 3131 806 3208 τῇ
827 3121 993 3205 Ῥωμαίων
1015 3124 1110 3188 πόλει
1132 3122 1172 3187 τά

152 3255 187 3297 τε
207 3233 289 3298 άλλα
309 3233 389 3315 μετά
412 3232 603 3316 προθυμίας
627 3229 892 3315 συμπράττοντες
915 3229 1094 3314 διετέλουν,
1117 3230 1172 3294 καί

227 3451 241 3498 1
260 3446 326 3513 post
344 3444 488 3513 ἀγαπῆσαι
506 3442 617 3496 videtur
631 3442 727 3494 deesse
742 3437 874 3501 πολλάκις
887 3439 1002 3493 Reiskio
1064 3445 1080 3494 3
1100 3439 1171 3511 ἐπεὶ]

154 3513 200 3568 ἐπὶ
219 3515 241 3568 Β
316 3520 347 3568 17
368 3511 597 3584 φαβίοὑβολανοῦ
616 3511 663 3566 Ba
737 3515 769 3563 19
789 3510 837 3564 αἰκ
850 3553 855 3564 ,
867 3554 873 3564 .
885 3553 890 3566 .
902 3518 978 3564 ανῶν
997 3510 1019 3562 Β
