2654 3916
150 193 215 260 312
565 194 753 246 -ιο-
876 183 878 188 ·

148 342 230 386 τονα
247 323 328 404 μήτε
347 319 422 384 ίσον
439 329 577 406 σεαυτῷ,
595 318 679 404 μηδὲ
696 319 781 395 ὅλως
798 319 906 404 άνδρα
925 315 962 384 έν
978 316 1172 403 ἐλευθέροις

148 427 249 510 ἤθεσι
278 425 447 513 τραφέντα
475 425 531 490 καί
561 427 717 511 φρόνημα
746 429 858 508 μεῖζον
886 424 907 510 ἣ
937 421 1007 490 κατ’
1034 425 1172 510 ἰδιώτην

109 531 276 619 δέχοντα
331 533 408 598 οὔτε
439 533 503 617 γάρ
540 531 692 618 ἀσφαλὴς
727 535 858 616 βασιλεί
894 532 1050 610 σύνοικος
1086 531 1172 616 ἀνὴρ

148 645 371 725 μεγαλόφρων
404 640 480 704 οὔτε
513 640 603 724 ἡδύς.
659 639 742 706 ἀλλὰ
774 640 851 726 περί
881 639 944 722 μέν
974 650 1042 705 τῶν
1076 639 1172 704 ἰδίων

118 749 403 833 εσυμφερόντων,
430 746 452 811 ά
475 761 529 811 σοι
551 746 716 833 πρακτέον
739 745 842 831 ἐστίν,
869 746 969 823 αὐτὸς
991 745 1173 836 διαγνώσῃ,

150 855 226 940 περί
259 854 296 919 δέ
328 864 395 919 τῶν
426 854 642 939 αἰχμαλώτων
673 852 813 932 ἐπιεικές
843 877 875 919 τι
905 852 1173 937 βουλευσάμενος

150 961 233 1045 άφες
255 961 340 1043 ἡμᾶς
362 960 503 1026 ἀπιέναι.
956 999 959 1004 -

222 1065 297 1154 (27)
316 1064 371 1144 Ὡς
394 1068 433 1134 δὲ
455 1066 622 1134 ἐπαύσατο
646 1067 763 1153 λέγων,
790 1067 952 1152 ἀγασθείς
979 1066 1083 1132 αὐτοῦ
1111 1067 1174 1152 τὴν

151 1173 323 1258 εὐγένειαν
341 1185 399 1260 τῆς
421 1185 529 1259 ψυχῆς
553 1174 570 1241 ὁ
592 1177 748 1258 βασιλεὺς
768 1185 827 1260 τῆς
844 1172 954 1252 δεξιᾶς
972 1173 1174 1256 λαμβάνεται

106 1302 132 1342 ω
150 1283 208 1347 καί
238 1297 355 1366 φησιν·
386 1280 506 1347 Οὐκέτι
537 1282 721 1365 θαυμάζειν
752 1279 925 1366 ἐπέρχεταί
949 1304 1020 1364 μοι,
1053 1280 1110 1345 διὰ
1140 1281 1177 1346 τί

151 1389 347 1473 περιβόητος
369 1388 389 1472 ἡ
413 1390 509 1466 πόλις
531 1388 626 1472 ὑμῶν
645 1387 716 1454 ἐστι
737 1388 793 1454 καί
815 1396 978 1454 τοσοῦτον
995 1387 1174 1472 ἡγεμονίας
1210 1462 1212 1466 ,

150 1495 385 1582 περιβέβληται
407 1495 565 1579 μέγεθος,
588 1496 750 1562 τοιούτων
770 1493 905 1580 ἀνδρῶν
928 1488 1013 1560 οὖσα
1034 1495 1172 1580 τροφός·

150 1603 206 1668 καί
228 1603 370 1686 μάλιστα
392 1602 454 1684 μέν
472 1596 536 1668 οὖν
554 1601 742 1688 ἐβουλόμην
763 1601 806 1668 άν
829 1599 862 1680 ἐξ
886 1600 988 1688 ἀρχῆς
1009 1601 1173 1686 μηδεμίαν

151 1710 322 1793 συμβῆναί
348 1731 405 1790 μοι
434 1709 517 1793 πρὸς
545 1708 631 1792 ὑμᾶς
660 1709 838 1795 διαφοράν,
868 1707 940 1775 ἐπεὶ
969 1708 1008 1774 δέ
1037 1706 1173 1791 συνέβη,

107 1835 133 1876 ιι
151 1815 206 1880 καί
228 1821 322 1880 θεῶν
340 1838 389 1893 τις
412 1813 568 1898 ἐβούλετο
591 1815 812 1900 πειραθέντας
833 1817 918 1900 ἡμᾶς
940 1825 998 1900 της
1021 1814 1174 1900 ἀλλήλων

151 1921 323 2004 δυνάμεως
354 1923 410 1988 καί
443 1922 560 2006 άρετης
591 1923 664 1988 τότε
697 1931 911 2007 συναγαγείν,
947 1921 1075 2005 ἕτοιμός
1107 1922 1174 2004 είμι

152 2028 365 2114 διαλύεσθαι,
393 2030 448 2096 καί
476 2030 532 2096 ἵνα
557 2039 687 2116 πρῶτος
709 2029 796 2116 άρξω
819 2040 886 2095 τῶν
910 2029 1174 2114 φιλανθρώπων,

152 2132 244 2220 έφ’ἃ
267 2136 488 2220 παρακαλεῖτέ
508 2159 562 2221 με,
585 2139 757 2223 χαρίζομαι
779 2146 819 2222 τη
842 2137 938 2202 πόλει
960 2137 1038 2212 τοὺς
1058 2136 1174 2220 αίχμα·

151 2243 278 2320 λώτους
301 2244 448 2320 άπαντας
470 2244 551 2308 ἄνευ
576 2243 715 2330 λύτρων.
757 2243 867 2309 Αιιιδν.

107 2371 134 2410 ιο
223 2350 356 2435 Λιβύην
374 2350 615 2434 χειρωσάμενος
635 2349 731 2437 μέχρι
753 2350 808 2416 καί
830 2359 898 2416 τῶν
916 2350 1173 2435 προσωιιεανίων

152 2454 273 2522 ἐθνῶν.
319 2455 421 2540 Steph.
440 2457 517 2541 Βμι.
535 2477 560 2523 ε.
579 2478 605 2522 υ.
622 2456 784 2534 ’ίὶαέανος

224 2637 239 2685 1
266 2639 383 2687 σεαυτοῦ
410 2631 505 2686 Ambr.
536 2635 641 2704 σεαυτῷ
666 2632 765 2686 struve
799 2630 802 2704 Ι
835 2629 905 2701 μηδέ
931 2629 1026 2685 Ambr.
1054 2627 1125 2700 μήθ’
1148 2645 1172 2686 ο.

151 2701 295 2772 Kiessling
364 2709 397 2758 14
417 2704 565 2774 συμβῆναι]
586 2711 719 2772 συστῆναι
738 2719 761 2757 ο.
777 2701 876 2757 Βίτωνο
897 2703 900 2775 λ
922 2699 1035 2774 συνέβη]
1056 2697 1172 2771 συνέστη

153 2791 175 2829 ο.
191 2774 290 2830 Struve
363 2779 397 2829 20
415 2771 643 2846 προσωαεανίων]
664 2774 700 2828 cf.
719 2773 848 2829 thzeler
865 2773 1103 2832 Animadv.1130

224 2988 443 3044 Κωστάντεια
462 3019 494 3028 -
515 2986 572 3042 ἔστι
590 2986 639 3042 καί
658 2984 790 3056 Βρεττίας
808 2986 890 3057 άλλη,
909 2988 946 3050 ὡς
959 2987 1109 3050 Διονύσιος
1128 2983 1174 3041 έν·

153 3076 361 3150 νεακαιδεκάτφ
376 3075 531 3147 Ῥωμαικῆς
549 3073 754 3146 ἀρχαιολογίας.
791 3077 882 3147 Steph.
897 3077 968 3148 Βγι.
