2654 3916
143 205 210 271 330
571 235 605 243 -
642 207 671 257 K
705 234 740 242 -

213 327 287 418 (10)
315 327 364 396 Ἦ
390 327 428 395 ἀλ
461 329 574 396 δικαία
609 332 752 415 πρόνοια
788 331 850 416 τήν
882 329 983 416 αὑτής
1019 331 1166 415 δύναμιν

143 435 343 515 ἀπεδείξατο.
381 436 425 514 ὡς
443 437 507 521 γὰρ
531 435 729 522 ἀνήχθησαν
747 437 780 502 αλ
804 446 881 522 νῆες
904 436 969 505 ἀπὸ
992 447 1052 504 τοῦ
1076 438 1165 523 λιμέ-

141 569 216 629 νος,
247 545 309 629 τήν
340 543 402 627 μέν
434 543 594 628 ἀπόμειον
626 537 735 628 οὖρον
764 546 928 626 λαβοῦσαι
959 542 1163 629 προέκοψαν·

142 652 262 734 ἄνεμος
298 647 329 716 δ’
361 649 512 727 ἐναντίος
547 652 727 734 γενόμενος
762 650 818 716 καλ
855 649 899 715 δι’
930 651 1009 735 ὅλης
1044 653 1165 730 νυκτὸς

110 779 122 820 ι
140 757 315 843 κατασχὼν
337 756 376 835 ἀς
398 758 460 842 μὲν
482 756 694 841 κατέκλυσεν,
721 755 761 834 ἀς
786 757 817 822 δ’
834 758 882 835 είς
905 759 965 824 τὸν
987 768 1046 843 τής
1068 763 1165 824 Σικε-

141 867 214 942 λίας
246 865 404 950 πορθμὸν
435 861 601 948 ἐξέβαλεν,
636 862 674 930 ἐν
706 855 758 942 οἷς
790 863 829 930 δὲ
859 867 1093 951 παρεκομίζετο
1125 867 1166 931 τὰ

140 970 340 1056 ἀναθήματα
370 971 427 1037 καί
459 969 477 1036 ὁ
510 963 748 1058 προσενεχθείς
779 969 911 1038 ἐκτῶν
939 970 1166 1056 ἀναθημάτων

140 1079 264 1163 χρυσὸς
296 1076 351 1144 tut
386 1081 466 1156 τοὺς
497 1080 651 1164 Λοκροὺς
686 1076 858 1156 ἐξώκειλεν
890 1079 1074 1164 αἰγιαλούς·
1109 1079 1165 1146 καί

140 1187 219 1262 τοὺς
250 1185 311 1268 μὲν
343 1185 505 1263 πλέοντας
536 1183 574 1251 ἐν
606 1184 722 1263 αὐτοῖς
753 1183 791 1252 ἐν
822 1195 863 1272 τή
890 1189 1070 1274 παλιρροία
1097 1197 1165 1252 τῶν

95 1315 122 1355 ιο
140 1292 296 1375 κομείτων
323 1291 628 1375 κατακλυζομένοος
655 1291 845 1378 διέφθειρε,
872 1293 913 1358 τά
941 1291 973 1357 δ’
992 1294 1064 1380 ίερά
1085 1295 1164 1379 χρή-

139 1424 226 1484 ματα
252 1401 526 1466 θιασπασθεισῶν
553 1410 621 1466 τῶν
648 1411 735 1466 νεῶν
763 1397 817 1466 ἐπί
844 1400 903 1478 τάς
932 1396 1068 1484 ἔγγιστα
1096 1410 1164 1465 τῶν

99 1509 120 1574 2
140 1511 283 1595 Λοκρῶν
305 1514 406 1584 θῖνας
432 1505 617 1593 ἐξέβρασεν.
663 1506 682 1572 ὁ
705 1505 744 1573 δὲ
766 1508 923 1590 βασιλεὺς
944 1507 1245 1591 καταπλαγείςεεελ

139 1615 270 1680 ἅπαντα
296 1615 356 1680 τὸν
383 1593 592 1696 κόσμου’καί
617 1617 697 1691 τοὺς
725 1616 921 1699 θησαυροὺς
948 1613 1097 1680 ἀπέδωκε
1123 1622 1163 1700 τή

139 1727 210 1808 θεῷ
241 1721 286 1797 ὡς
312 1721 596 1805 παραιτησόμενος
623 1720 725 1805 αὐτῆς
752 1721 808 1787 διὰ
835 1729 934 1788 τοῦτο
961 1722 1021 1787 τὸν
1048 1721 1163 1806 χόλον·

95 1851 120 1892 ιι
211 1830 359 1912 Νήπιος,
382 1826 463 1892 οὐδὲ
485 1827 533 1892 τὸ.
546 1823 635 1916 ᾔδει,
658 1825 677 1890 t
701 1826 741 1892 οὐ
765 1830 943 1895 πείσεσθαι
965 1825 1109 1911 ἔμελλεν.

214 1936 264 2002 Οὐ
292 1934 356 2020 μάρ
383 1936 414 1999 τ’
431 1928 514 2014 αἶψα
539 1941 632 2000 θεῶν
654 1933 807 2019 τρέπεται
829 1937 908 2012 νόος
930 1935 1004 2000 αἰέν
1027 1933 1163 2020 ἐόντων,

99 2045 120 2110 3
140 2043 184 2122 ὡς
202 2041 330 2131 Ὁμήρςο
354 2041 489 2126 εἴρηται.
536 2041 608 2108 ἀλλ’
626 2039 739 2128 ἐπειδή
767 2052 835 2108 τῶν
860 2043 959 2125 ἱερῶν
982 2040 1163 2128 ἐτόλμησεν

139 2151 292 2230 ἅψασθαι
328 2149 504 2234 χρημάτων
535 2148 591 2214 καί
627 2151 735 2233 πόρον
767 2147 962 2215 ὑποθέσθαι
998 2149 1162 2234 πολέμων,

140 2257 305 2342 ἀνόνητον
337 2254 471 2340 ἐποίησε
502 2257 564 2340 τήν
596 2251 732 2322 ἔννοιαν
764 2256 868 2322 αὐτοῦ
900 2258 938 2322 τὸ
976 2257 1162 2342 δαιμόνιον,

94 2385 120 2426 ιι
140 2365 195 2430 ἵνα
213 2362 421 2450 παράδειγμα
439 2362 494 2427 καί
512 2363 679 2446 παίδευμα
696 2371 800 2428 πᾶσιν
818 2363 1012 2450 ἀνθρώποις
1030 2364 1161 2448 γένοιτο

138 2480 209 2548 τοίς
231 2465 307 2552 μεθ’
326 2467 455 2535 ἑαυτόν.
498 2469 597 2536 Vates.

210 2593 250 2659 X.
273 2593 342 2679 (19,
362 2591 418 2680 11)
442 2595 511 2659 Διά
537 2602 636 2660 τοῦτο
664 2594 720 2660 καί
746 2593 813 2661 ὑπὸ
837 2592 1004 2680 Ῥωμαίων
1034 2597 1160 2680 ήττήθη

139 2701 157 2767 ὁ
177 2701 316 2787 Πύρρος
333 2701 415 2766 κατὰ
433 2700 564 2784 κράτος
589 2701 629 2766 οὐ
651 2703 714 2786 γὰρ
738 2702 875 2788 στρατιά
897 2726 947 2781 τις
971 2703 1082 2788 φαύλη
1105 2701 1161 2768 καί

139 2807 323 2892 ἀνάσκητος
348 2803 391 2893 ήν
415 2808 520 2894 αὐτῷ,
547 2805 657 2893 ἀλλ’ή
681 2811 838 2894 κρατίστη
862 2820 930 2876 τῶν
952 2811 1026 2875 τότε
1048 2807 1161 2875 οὐσῶν

95 2936 120 2978 ιε
139 2912 177 2981 ἐν
192 2911 330 3000 Ἕλλησι
352 2915 408 2980 καὶ
430 2917 606 2992 πλείστους
624 2914 856 3002 ἀγωνισαμένη
879 2915 1055 2998 πολέμους·
1080 2915 1162 2982 οὐδὲ

148 3211 149 3217 =
211 3185 225 3232 1
246 3179 332 3250 αίιτής
350 3179 452 3234 Turon.
472 3197 540 3234 οοιτ.
560 3179 703 3250 Kiessling
775 3187 791 3235 ὃ
810 3176 989 3248 κατέκλυσεν]
1008 3177 1161 3235 κατέδυσεν

138 3250 296 3305 inconsulte
314 3267 337 3306 ο.
353 3250 440 3306 Cobet
459 3251 523 3306 obs.
543 3269 570 3320 p.
586 3256 638 3305 219
712 3257 727 3306 t
749 3252 948 3322 προσενεχθείς
970 3251 1072 3306 Turon.
1091 3270 1161 3320 προ-

138 3321 265 3392 ενεχθελς
283 3321 386 3376 Reiske
409 3323 459 3392 qui
478 3325 570 3377 totum
589 3323 682 3378 lotum
700 3339 758 3377 non
775 3323 916 3378 intellexit
987 3328 1003 3376 8
1028 3322 1074 3378 ἐπὶ
1095 3324 1161 3385 τοὺς

111 3461 113 3464 ¹
138 3400 256 3462 Λοκρῶν
279 3410 302 3447 ο.
324 3392 496 3464 Grnsberger
518 3394 620 3449 Philol.
642 3399 685 3461 28,
700 3399 752 3448 349
825 3401 859 3449 14
885 3392 924 3448 δι’
946 3395 1033 3450 αὑτοῦ
1059 3393 1160 3448 Suidas

140 3481 160 3516 ε.
171 3481 196 3518 v.
210 3461 451 3534 παραιτησόμενος
524 3470 556 3520 1⁶
576 3467 610 3520 οά
629 3465 802 3521 om.T1non.
