2668 3922
154 185 221 252 232
572 216 606 224 ··
643 188 684 238 ῙΒ
722 215 755 225 -

153 321 211 396 τῆς
233 314 447 399 βουλῆςντῶν
466 308 633 395 Ῥωμαίων
655 313 713 389 τάς
738 311 917 396 διαλλαγάς
940 312 973 378 οἱ
995 311 1057 394 μὲν
1080 312 1176 378 ἄλλοι

153 417 308 504 πρέσβεις
338 413 486 508 ἀπῄεσαν
516 415 553 484 ἐκ
578 427 640 484 τοῦ
667 419 909 505 βουλευτηρίου
937 413 1109 505 σιόιπη,’ὁ
1137 419 1176 486 δὲ

153 522 414 610 ἐπιφανέστατος
443 522 477 603 ἐξ
507 525 619 592 αὐτῶν
648 525 704 591 καὶ
733 527 815 592 κατά
842 528 904 612 τὴν
931 527 1093 612 μαντικὴν
1121 523 1176 610 ἐμ

153 633 286 717 πειρίαν
314 631 549 715 δοκιμώτατος,
581 629 715 709 ὲπιστάς
746 642 818 710 ταίς
851 633 975 719 θύραις
1001 633 1058 700 καί
1084 654 1176 719 περι-

122 737 278 822 εβλίψας
300 738 378 824 [είς]
401 739 549 816 ἀπαντας
574 739 653 815 τοὺς
676 740 843 824 παρόντας
865 737 904 805 ἐν
926 751 972 827 τῷ
995 740 1175 828 συνεδρίῳ·

153 847 281 930 Καλόν,
317 843 453 931 ἔφησεν,
488 841 703 930 ἀῬωμαλοι,
735 845 844 930 δόγμα
876 844 1089 933 ίξενηνόχατε
1120 847 1176 914 καί

152 952 413 1039 μεγαλοπρεπές,
442 954 475 1018 ολ
500 954 562 1038 τὴν
589 953 772 1038 ἡγεμονίαν
800 951 969 1032 ἀξιοῦντες
996 951 1085 1040 ἔχειν
1107 964 1175 1020 τῶν

153 1061 332 1145 περιοίκων
355 1056 399 1124 δι’
419 1059 549 1146 ἀρετήν,
576 1060 676 1125 πόλιν
702 1060 779 1126 οὔτε
801 1061 923 1147 μικράν
946 1061 1024 1128 οὔτε
1047 1062 1176 1147 ἀσημον

153 1163 400 1252 ἀποτυθεμένην
422 1168 462 1233 τά
485 1167 571 1232 ὅπλα
596 1166 651 1232 καί
673 1167 927 1254 παραδιδοῦσαν
948 1167 1031 1251 ὑμῖν
1053 1167 1175 1252 ἑαυτὴν

108 1295 134 1336 ιο
153 1273 216 1339 οὐκ
243 1271 412 1352 ἀξιοῦντες
437 1273 588 1359 ὑπήκοον
611 1270 709 1358 ἔχειν,
733 1269 817 1340 ἀλλά
835 1277 1020 1365 πρόρριζον
1044 1275 1176 1342 ἀνελεῖν

152 1383 367 1466 βουλόμενοι,
397 1381 474 1447 οὔτε
501 1381 561 1446 τὸν
588 1378 624 1448 ἐκ
651 1389 712 1454 τοῦ
739 1383 839 1448 θείου
866 1382 1036 1474 δείσαντες
1058 1384 1175 1467 Ιχόλον,

112 1489 229 1555 3οθτε
256 1490 318 1574 τὴν
335 1485 423 1574 ’παρ’
441 1487 632 1574 ἀνθρώπων
659 1485 876 1575 ἐντραπέντες
902 1489 1045 1572 νέμεσιν.
1082 1485 1171 1555 ’ἀνθ’

152 1589 201 1660 ὧν
228 1595 310 1678 ὑμίν
332 1595 408 1680 δίκη
435 1595 577 1680 τιμωρὸς
602 1592 673 1680 ἥξει
699 1597 789 1681 παρά
815 1602 914 1682 θεῶν
936 1597 984 1674 είς
1010 1597 1051 1664 τά
1078 1597 1175 1680 ὅμοια

153 1705 325 1787 ζημιοῦσα·
361 1702 585 1779 Οὐιεντανοὺς
616 1704 680 1787 μάρ
713 1701 914 1788 ἀφελόμενοι
943 1704 1005 1794 τὴν
1031 1690 1175 1791 πατρίδα

107 1831 133 1872 ιε
151 1809 222 1892 μετ’
239 1808 280 1874 οὐ
303 1811 389 1874 πολὺ
409 1809 470 1894 την
492 1806 621 1874 ἑαυτῶν
644 1806 850 1892 ἀποβαλεῖτε.
895 1811 1005 1878 Ambr.

111 1936 134 2000 4
224 1931 297 2022 (18)
321 1935 418 2000 Μετά
438 1923 440 1928 ’
447 1936 554 2020 βραχὺ
585 1933 623 1999 δὲ
652 1933 869 2019 ἁλισκομένης
898 1945 956 2020 της
985 1932 1116 2013 πόλεως
1142 1935 1175 2001 οί

152 2040 227 2124 μὲν,
246 2038 346 2124 ὁμόσε
378 2050 448 2119 τοίς
480 2043 649 2124 πολεμίοις
681 2049 868 2127 χωροῦντες
900 2040 1021 2128 ἀνδρες
1051 2042 1175 2128 ἀγαθοί

151 2145 327 2232 γενόμενοι
366 2149 422 2214 καί
464 2151 609 2226 πολλοὺς
646 2145 900 2226 ἀποκτείναντες
935 2149 1174 2234 κατεκόπησαν,

152 2253 185 2321 ολ
203 2251 234 2319 δ’
253 2256 444 2344 αὐτοχειρίᾳ
461 2253 646 2341 σφάξαντες
667 2255 789 2333 αὑτοὺς
813 2255 1059 2342 διεφθάρησαν·
1084 2257 1175 2334 όσοις

107 2383 133 2424 ιο
152 2361 190 2426 δὲ
208 2357 253 2426 δι’
271 2361 457 2448 ἀνανδρίαν
479 2385 515 2428 τε
532 2363 588 2429 καί
606 2363 823 2448 ταπεινότητα
840 2373 949 2448 ψυχῆς
966 2362 1063 2428 πάντ’
1080 2357 1175 2449 ἐφαί-

151 2491 227 2534 νετο
257 2478 317 2534 τοῦ
347 2468 509 2534 τεθνάναι
536 2471 577 2535 τά
604 2470 699 2536 δεινὰ
721 2471 932 2556 μετριώτερα,
955 2471 1113 2557 ῥίψαντες
1127 2472 1175 2536 τὰ

152 2575 237 2640 ὅπλα
266 2575 492 2662 παρεδίδοσαν
521 2586 591 2654 τοῖς
619 2571 857 2662 κεκρατηκόσιν
880 2573 1027 2655 ἑαυτούς.
1063 2578 1175 2644 Ambr.
1249 2657 1251 2660 .

207 2697 324 2766 XIIII.
356 2696 429 2786 (19)
455 2697 490 2764 ‘0
522 2699 560 2766 δὲ
592 2701 754 2786 δικτάτωρ
786 2700 970 2786 Κάμιλλος,
1002 2696 1043 2766 οὗ
1077 2707 1175 2788 στραὲ

89 2846 91 2849 -
151 2809 248 2896 τηγίηι
278 2809 299 2892 ἡ
332 2806 427 2890 πόλις
455 2807 539 2892 ἀλα,
572 2804 641 2896 ἐπί]
658 2808 824 2894 μετεώρου
856 2809 948 2886 τινὸς
977 2807 1079 2887 ἑστὼς
1108 2793 1175 2893 ἅμα
1249 2854 1253 2864 -

107 2935 132 2975 ιι
151 2924 220 2992 τοίς
256 2913 529 3000 ἐπιφανεστάτοις
556 2911 734 3012 Ῥωμαίων,
767 2916 851 2982 ὅθεν
882 2916 994 2981 ἀπασα
1024 2917 1045 3000 ἡ
1077 2913 1175 2994 πόλις

222 3166 240 3214 4
264 3161 315 3223 τάς
339 3161 442 3230 θίρας
461 3160 557 3216 Ambr.
582 3176 651 3216 corr.
676 3160 775 3216 Struve
810 3160 814 3235 1
847 3159 1018 3234 περιβλέψας
1045 3162 1174 3226 ἅπαντας

151 3247 247 3285 omnes
277 3234 343 3286 ante
372 3231 587 3303 Kiesslingium‚
618 3232 668 3302 qui
692 3232 788 3288 Ambr.
816 3233 857 3296 είς
883 3231 1011 3298 ἅπαντας
1037 3233 1174 3304 praebere

151 3302 288 3370 affirmat3
307 3319 359 3372 ego
378 3304 481 3358 inclusi
540 3310 556 3358 6
574 3301 662 3359 καλόν
680 3324 711 3374 ηε
730 3321 753 3359 ο.
769 3303 857 3359 Cobet
871 3303 936 3360 obs.
954 3322 982 3374 p.
998 3311 1050 3360 214
1110 3311 1125 3361 ’ί
1145 3307 1174 3363 οἳ

152 3374 441 3445 ἀξιοῦτε-βούλεσθε
461 3392 484 3430 ο.
500 3375 598 3430 struve
658 3380 691 3430 19
711 3373 794 3438 όσους
812 3374 908 3430 Ambr.
924 3375 978 3442 QA
996 3393 1065 3433 corr,
1079 3377 1175 3436 Maius

152 3449 187 3499 24
205 3444 407 3515 ἀιλμετεάρου
425 3443 513 3502 τόπου
531 3443 608 3510 τινὸς
625 3443 721 3502 Ambr.
736 3447 762 3500 A
