2670 3924
160 189 223 256 152
577 217 611 228 ··
648 191 688 242 ΙΑ
725 217 758 226 -

158 313 280 397 μένους
313 313 518 397 ἀπέκτειναν,
550 317 630 390 τοὺς
661 313 699 380 δὲ
731 315 866 390 πλείους
897 311 935 380 ἐν
966 325 1011 400 τῷ
1045 315 1177 403 διωγμῷ

159 421 367 506 διέφθειραν.
418 421 450 485 ολ
480 419 518 484 δὲ
545 420 768 497 διασωθέντες
795 419 832 486 ἐκ
858 429 915 504 τῆς
943 430 1052 506 φυγῆς
1078 444 1179 506 τραυ-

158 530 271 610 ματίαι
297 550 332 593 τε
358 528 391 592 οί
413 529 548 604 πλείους
570 528 626 592 καί
647 529 689 593 τά
712 528 797 593 ὅπλα
820 536 939 618 μικροῦ
963 527 1036 592 δεῖν
1058 528 1178 606 πάνγες

160 631 402 711 ἀπολωλεκότες
431 635 479 711 εἰς
506 636 605 700 πόλιν
633 635 784 700 Τύσκλον
810 631 1027 720 ἀφικνοῦντο·
1056 637 1179 720 σκηνάς

128 738 190 805 ιδ’
214 741 325 806 αὐτῶν
354 742 409 806 καί
438 740 601 825 ὑποζύγια
629 742 685 806 καί
712 746 860 828 χρήματα
886 742 942 807 καί
968 741 1179 827 θεράποντας

158 848 213 912 καί
243 849 304 932 τήν
334 849 438 932 ἀλλην
465 857 525 913 τοῦ
553 847 698 931 πολέμου
726 850 939 934 παρασκευήν
968 850 1001 914 οί
1028 847 1178 931 πολέμιοι

118 955 355 1040 6δνήρπασαν.
409 955 454 1033 ὡς
488 954 518 1020 δ’
550 953 719 1039 ἀπηγγέλη
756 964 860 1021 ταῦτα
894 964 964 1032 τοίς
999 957 1082 1020 κατὰ
1117 957 1179 1040 τήν

159 1063 268 1145 πόλιν,
306 1062 441 1146 όσοιπερ
476 1058 562 1145 ήσαν
594 1060 713 1147 ἐχθροί
744 1071 801 1146 τῆς
837 1062 1028 1148 ὀλιγαρχίας
1059 1063 1114 1128 καί
1147 1063 1180 1127 ol

158 1167 240 1244 τέως
263 1166 550 1255 ἀποκρυπτόμενοι
571 1171 609 1234 τὸ
632 1179 742 1253 μῖσος,
769 1171 937 1255 φανεροὺς
960 1167 1098 1234 ἐποίουν
1121 1169 1180 1250 αὑ·

115 1297 141 1338 ιο
159 1276 237 1352 τοὺς
264 1277 337 1340 τότε
361 1279 532 1362 χαίροντες
555 1274 609 1341 ἐπί
631 1285 703 1352 ταῖς
727 1277 965 1360 κακοπραγίαις
991 1285 1059 1340 τῶν
1082 1291 1180 1360 στρα-

158 1393 282 1466 τηγῶν·
307 1383 363 1448 καί
384 1379 428 1466 ήυ
449 1383 513 1467 ήδη
537 1383 679 1468 καρτερά
701 1383 772 1466 χείρ
795 1383 871 1468 περὶ
893 1383 954 1447 τὸν
970 1381 1122 1466 Ὁράτιόν
1143 1405 1180 1447 τε
1239 1404 1242 1417 ’

158 1490 213 1554 καί
249 1491 309 1556 τὸν
349 1489 545 1573 Οὐαλέριον,
582 1487 640 1566 οὓς
677 1485 763 1573 έφην
799 1489 962 1572 ἡγεμόνας
994 1482 1081 1558 εἶναι
1111 1499 1180 1554 τῶν

159 1596 440 1681 ἀριστοκρατικῶν
465 1594 644 1680 ἑταιρειῶν.

229 1701 364 1768 ΧΧΙΙΠ.
404 1704 446 1768 Ol
482 1702 519 1767 δὲ
556 1702 632 1786 περὶ
654 1704 714 1767 τὸν
742 1700 887 1767 ’Ἁππιον
922 1712 992 1779 τοῖς
1027 1702 1089 1784 μὲν
1125 1701 1180 1768 ἐπὶ

115 1830 139 1871 ιε
159 1808 384 1894 στρατοπέδου
417 1809 644 1895 συνάρχουσιν
676 1810 762 1874 ὅπλα
793 1831 829 1874 τε
860 1808 916 1874 καί
947 1812 1095 1894 χρήματα
1124 1811 1180 1875 καί

158 1925 252 1981 σίτου
282 1915 337 1981 καλ
366 1912 469 1982 τάλλα
498 1911 546 1982 ὧν
576 1914 708 1982 ἐδέοντο
739 1913 965 2002 ἐπεχορήγουν
991 1916 1032 1981 τά
1058 1939 1094 1981 τε
1121 1916 1180 2000 δη-

157 2025 257 2106 μόσια
281 2023 337 2088 καί
362 2024 509 2088 ἰδιωτικὰ
532 2021 568 2088 ἐκ
590 2027 715 2108 πολλῆς
738 2022 922 2108 ὑπεροψίας
945 2022 1180 2106 λαμβάνοντες,
1189 2039 1262 2088 2217

157 2130 213 2195 καί
243 2129 317 2195 ἀντὶ
346 2140 413 2195 τῶν
443 2127 663 2196 ἀπολωλότων
694 2129 828 2214 ἀνδρῶν
858 2132 1180 2215 στρατολογήσαντες

158 2235 192 2315 ἐξ
218 2237 346 2322 ἁπάσης
376 2241 485 2322 φυλῆς
511 2239 590 2314 τοὺς
619 2238 705 2303 ὅπλα
735 2237 851 2322 φέρειν
880 2235 1088 2319 δυναμένους
1118 2236 1180 2302 ἀπ-

113 2366 139 2406 εο
159 2343 318 2428 ἔστειλαν,
340 2339 416 2408 ὥστ’
432 2341 689 2429 ἐκπληρωῶήναι
706 2347 785 2421 τοὺς
803 2346 935 2429 λόχους·
958 2355 1026 2409 τῶν
1043 2366 1079 2409 τε
1096 2346 1179 2409 κατά

159 2453 271 2535 (τήν)
286 2453 385 2516 πόλιν
403 2448 538 2535 ἐπιμελῆ
558 2453 713 2536 φυλακήν
731 2449 906 2517 ἐποιοῦντο
921 2460 1086 2536 φρουραῖς
1100 2453 1178 2528 τοὺς

158 2555 427 2643 ἐπικαιροτάτους
442 2560 769 2641 καταλαμβανόμενοι
785 2559 922 2642 τόπους,
941 2561 985 2642 μή
1001 2581 1033 2622 τι
1049 2558 1179 2623 λάθωσι

159 2667 442 2750 παρακινήσαντες
475 2666 507 2729 οί
538 2667 619 2746 μετὰ
650 2675 710 2730 τοῦ
746 2665 932 2749 Οὐαλερίου
967 2675 1178 2742 συνεστῶτες.

118 2769 363 2856 2ἐπέσκηπτόν
390 2795 425 2837 τε
453 2771 497 2836 δι’
515 2771 712 2857 ἀπορρήτων
734 2781 804 2848 τοῖς
831 2769 886 2836 ἐπὶ
910 2781 978 2837 τῶν
1001 2770 1179 2856 στρατοπέ·

113 2899 139 2940 ιε
158 2879 228 2944 δων
255 2879 461 2964 συνάρχουσι
488 2880 566 2954 τοὺς
594 2876 872 2961 ἐναντιουμένους
899 2880 995 2962 σφίσι
1023 2879 1178 2962 διαφθεί·

231 3024 245 3071 ’ί
265 3016 421 3088 άπηγγίλλη
440 3018 461 3070 L
485 3017 578 3086 priore
597 3016 694 3072 littere
712 3020 727 3071 λ
746 3033 826 3073 erese
848 3019 883 3072 ef.
903 3019 968 3072 Aer.
987 3035 1080 3088 progr.
1100 3036 1127 3086 p.
1143 3022 1177 3071 35

158 3087 322 3160 ἀπηγγέλθη
342 3089 427 3143 stulte
446 3087 533 3143 cobet
552 3087 616 3143 Obe.
635 3107 663 3158 p.
679 3095 730 3143 207
809 3095 825 3144 8
849 3087 910 3144 ὅσοι
928 3089 981 3159 γὰρ
1001 3089 1024 3143 O
1048 3087 1109 3144 ὅσοι
1127 3089 1178 3158 μέυ

158 3160 280 3230 Sylburg
303 3159 417 3227 ὅσοιπερ
441 3160 584 3230 KIeseling
663 3166 679 3214 9
703 3160 897 3284 φαήνερ>οδς
919 3160 966 3214 Lb
996 3163 999 3232 ή
1031 3161 1177 3222 αότουςΙι

159 3239 191 3286 11
212 3231 331 3298 ὡράτιον
350 3230 376 3284 V
450 3237 482 3285 13
506 3229 618 3300 έτεριῶν
636 3231 681 3285 La
774 3248 789 3286 e
811 3250 852 3286 vv.
875 3237 990 3286 14-23
1016 3232 1050 3286 cf.
1069 3232 1178 3300 Kayser

157 3303 517 3370 Fleek.Ann.1870,725
591 3309 624 3358 16
645 3302 839 3372 ἐπεχορήγουν
858 3303 929 3357 Lav
1002 3309 1034 3358 1⁷
1059 3305 1123 3372 poet
1146 3301 1177 3356 ἐκ

157 3377 259 3444 πολλῆς
283 3371 441 3444 ὑπεροψίας
466 3373 542 3443 quod
565 3374 587 3429 Ο
611 3373 749 3444 praebent
771 3373 886 3429 Reiskio
909 3374 1040 3430 videntur
1060 3372 1099 3429 δι’
1117 3373 1177 3428 ἐπι-

158 3443 267 3515 μελείας
287 3446 382 3501 deesse
456 3452 488 3500 21
508 3445 559 3515 τήν
579 3446 644 3500 add.
658 3445 813 3500 Ambroseh
833 3447 870 3500 ad
888 3445 914 3499 11
933 3451 987 3513 9‚1
