2656 3932
567 255 600 265 -
638 228 679 280 ῙΑ
715 255 750 264 -
1104 229 1166 293 117

150 353 330 439 συνεδρίου
353 354 522 439 κυρωθείη
545 353 674 418 τούτων
697 349 864 437 ἑκάτερον,
881 363 1016 437 πρῶτον
1033 353 1094 436 μέν
1118 353 1171 418 εὐ-

149 466 280 537 πειθεῖς
312 455 450 525 ἔσεσθαι
481 458 607 536 πάντας
637 458 873 542 ὑπελάμβανον
905 459 1012 537 ἄλλως
1045 483 1080 526 τε
1116 459 1172 526 καί

149 574 208 652 τῆς
231 568 434 652 δημαρχικῆς
457 563 608 644 ἐξουσίας
630 564 909 650 καταλελυμένης,
935 558 960 656 ᾗ
981 569 1067 657 μόνη
1089 569 1172 633 κατὰ

148 676 274 757 νόμους
296 671 374 757 ἐξῆν
396 671 635 739 ἐναντιοῦσθαι
657 681 728 750 τοίς
749 671 815 738 ὑπὸ
838 683 906 738 τῶν
927 673 1082 739 δυνατῶν
1102 672 1172 740 ἐπι-

148 779 371 863 ταττομένοις·
399 776 500 846 ἔπειτ’
522 779 618 846 αὐτοὶ
645 779 693 865 [εί
717 779 763 864 τι]
791 777 903 858 δόξειν
929 779 1171 867 ὑπηρετοῦντες
1204 802 1216 843 ε

148 897 188 974 τῆ
219 891 325 974 βουλῆ
355 887 410 952 καλ
439 888 479 953 τά
508 885 706 972 καρωθέντα
734 883 793 951 ὑπ’
817 885 945 972 ἐκείνης
972 888 1171 974 πράττοντες

148 996 231 1060 κατὰ
258 995 383 1077 νόμους
410 993 626 1080 ἀνειληφέναι
653 994 715 1078 τῆν
742 991 897 1072 ἐξουσίαν
925 1003 985 1060 τοῦ
1015 994 1170 1077 πολέμου.

66 1119 139 1168 2165
220 1099 293 1166 IIII.
331 1107 440 1166 Ταῦτα
472 1100 735 1184 βουλευσάμενοι
770 1101 826 1166 καί
861 1101 1171 1186 παρασκευάσαντες

149 1206 186 1274 ἐκ
212 1219 280 1274 τῶν
305 1208 401 1274 ίδίων
423 1206 564 1294 ἑταίρων
586 1208 641 1274 καὶ
669 1217 842 1292 συγγενῶν
864 1209 943 1285 τοὺς
971 1207 1171 1292 άγορεύσον-

148 1336 207 1390 τας
233 1311 272 1379 ἐν
298 1326 343 1401 τῷ
371 1315 537 1403 συνεδρίω
564 1317 623 1392 τὰς
645 1314 881 1400 συμφερούσας
903 1314 1018 1392 αὐτοῖς
1039 1317 1172 1400 γνώμας
1190 1339 1216 1380 ιο

148 1421 204 1486 καί
235 1430 305 1498 τοίς
336 1422 380 1505 μῆ
414 1421 524 1487 ταύτά·
554 1421 831 1508 προαιρουμένοις
868 1419 1171 1507 ἐναντιωσομένους

149 1533 326 1612 προῆλθον
362 1529 410 1605 είς
445 1529 507 1612 την
543 1528 670 1614 ἀγορὰν
703 1528 758 1594 καί
790 1529 1080 1614 παραστησάμενοι
1111 1532 1171 1596 τὸν

149 1637 278 1720 κῆρυκα
295 1635 374 1712 τοὺς
392 1635 616 1718 βουλεύοντας
634 1632 668 1712 ἐξ
691 1634 852 1718 ὀνόματος
874 1640 989 1702 καλεῖν
1007 1636 1170 1704 ἐκέλευον.

149 1739 297 1825 ὑπήκουε
325 1737 356 1806 δ’
378 1741 492 1819 αὐτοῖς
518 1751 585 1808 τῶν
612 1743 755 1829 μετρίων
782 1742 901 1821 οὐδείς.
947 1745 1106 1823 πολλάκις
1133 1745 1211 1812 δέ2

149 1856 209 1914 τοῦ
241 1852 384 1934 κῆρυκος
415 1851 562 1932 βοῶντος
593 1850 649 1914 καί
681 1851 859 1936 παριόντος
891 1851 1030 1930 οὐδενὸς
1065 1854 1095 1918 ελ
1126 1854 1169 1938 μὴ
1189 1872 1214 1912 ιε

149 1966 217 2021 τῶν
243 1957 494 2022 κολακευόντων
521 1957 583 2041 τῆν
610 1955 815 2042 ὀλιγαρχίαν,
844 1955 882 2022 ἐν
909 1949 959 2035 οἷς
985 1955 1029 2042 ῆν
1051 1961 1088 2024 τὸ
1114 1961 1170 2026 κά-

149 2078 264 2128 κιστον
291 2069 350 2148 τῆς
376 2063 567 2150 ὀλιγαρχίας
594 2062 707 2149 μέρος,
735 2064 768 2128 ολ
794 2063 856 2146 μέν
883 2061 950 2130 τότ’
973 2063 1067 2142 ὄντες
1088 2069 1171 2134 κατὰ

148 2171 211 2254 τῆν
233 2169 361 2255 άγορὰν
383 2168 584 2254 ἐθαύμαζον,
611 2171 641 2235 εί
668 2169 745 2252 περί
771 2170 913 2254 μηδενὸς
935 2171 1067 2236 πώποτε
1090 2187 1170 2256 συγ-

149 2275 346 2354 καλέσαντες
368 2278 430 2362 τῆν
447 2279 586 2362 βουλῆν,
609 2277 682 2341 τότε
705 2285 839 2362 πρῶτον
857 2272 1019 2362 ἔγνωσαν,
1042 2279 1093 2344 ὅτι
1115 2280 1170 2345 καί

150 2383 329 2469 συνέδριον
351 2379 395 2466 ῆν
416 2407 449 2448 τι
476 2385 565 2469 παρὰ
584 2380 753 2465 Ῥωμαίοις
775 2381 916 2466 ἀγαθῶν
938 2382 1083 2470 ἀνδρῶν,
1111 2386 1170 2464 οὓς
1188 2408 1215 2448 ιο

150 2488 218 2557 ἔδει
248 2490 326 2576 περί
357 2499 424 2556 τῶν
455 2500 579 2556 κοινῶν
611 2498 756 2555 σκοπεῖν.
812 2491 844 2554 ολ
881 2488 961 2556 δέκα
997 2491 1035 2558 δὲ
1066 2491 1209 2560 ταῦθῬι

149 2598 292 2685 δρῶντες
315 2595 531 2683 ἐπεχείρησαν
553 2596 615 2681 μέν
637 2594 674 2662 ἐκ
696 2606 764 2661 τῶν
787 2597 902 2664 οἰκιῶν
924 2600 1003 2676 τοὺς
1029 2603 1169 2682 βουλευ-

149 2707 207 2783 τὰς
236 2706 342 2789 ἄγειν·
373 2706 561 2787 πυθόμενοι
591 2703 628 2769 δὲ
657 2705 716 2781 τάς
744 2706 879 2783 πλείους
906 2703 1049 2792 ἐρήμους
1076 2706 1169 2792 ἀφει-

149 2812 250 2895 μένας
272 2812 320 2890 είς
342 2812 404 2896 τῆν
421 2810 601 2898 ὑστεραίαν
620 2810 831 2895 ἀνεβάλοντο.
868 2809 906 2878 ἐν
925 2812 962 2878 δέ
980 2824 1025 2898 τῷ
1048 2811 1169 2896 μεταξὺ

222 3065 238 3112 3
263 3055 483 3128 καταλελυμένης
507 3058 529 3112 L
561 3055 769 3128 καταλυομένης
793 3057 849 3111 MV
930 3064 947 3112 4
973 3059 1119 3114 δυναστῶν
1145 3059 1168 3114 Ο

151 3133 278 3185 δυνατῶν
297 3129 385 3186 001)εέ
404 3129 469 3185 obs.
488 3148 516 3199 p.
532 3134 584 3184 203
648 3135 664 3183 5
683 3129 713 3183 εί
726 3149 754 3184 τι
772 3126 865 3196 δόξειν
884 3129 905 3182 L
929 3128 960 3183 εί
972 3149 1000 3184 τι
1018 3127 1125 3196 δόξειεν
1143 3131 1169 3184 R

150 3201 180 3256 εί
189 3221 216 3256 τι
230 3201 283 3258 del.
293 3200 493 3328 Κίεεείίωςχεί
501 3202 542 3325 effi
554 3197 667 3266 δόξειαν
681 3200 755 3254 Prou
769 3200 804 3254 of.
814 3199 913 3255 Vassis
922 3201 1027 3270 Ἀθηνᾶ
1036 3201 1101 3255 VIII
1116 3208 1168 3258 264

151 3269 303 3342 9έταίρων
321 3273 370 3327 LV
388 3291 439 3343 γον
455 3292 494 3328 ων
605 3278 636 3326 11
655 3280 744 3326 ταῦτα
762 3271 811 3324 LV
873 3277 906 3325 13
926 3272 1167 3342 βουλεύσονταςΟ

150 3344 334 3415 βουλεύοντας
357 3344 462 3400 ReIske
539 3349 572 3398 17
595 3351 644 3412 τῆς
667 3340 838 3414 ὀλιγαρχίας]
864 3350 913 3413 τῆς
935 3340 1040 3406 πόλεως
1064 3344 1168 3400 Reiske

151 3420 185 3470 18
203 3412 368 3478 καλέσαντες
386 3415 415 3468 Μ
470 3420 502 3468 21
523 3414 551 3470 ολ
570 3413 601 3470 δέ
619 3414 668 3468 καὶ
686 3413 764 3469 ταδί
783 3413 805 3468 0
826 3431 894 3468 corr.
909 3414 1013 3470 Reiske
1065 3421 1100 3470 24
1119 3416 1168 3470 ἀν-

149 3486 297 3559 εβάλλοντο
317 3486 339 3541 Ο
359 3503 428 3541 corr.
443 3485 624 3541 Casaubonus
