2668 3922
162 173 229 240 224
582 205 615 212 -
653 177 693 227 113
732 205 765 212 -

162 300 312 366 Μαιλίου
335 303 480 384 μήνυσιν
505 297 666 366 ἀποδόντι
689 301 855 388 Μηνυκίρε
885 299 1002 366 στάσιν
1025 301 1185 387 ἀνάριάν-

161 428 218 486 τος
240 404 426 492 ἐψηφίσατο
449 407 469 490 ή
488 409 604 492 βουλή.
640 406 712 472 Ese.
726 413 755 472 et
768 428 842 491 μορ.
854 406 930 493 223,
945 422 1058 474 ιιι-ει
1073 407 1184 476 Ambr.

233 513 273 580 V.
297 511 347 601 (2)
372 519 555 600 Τυρρηνῶν
576 513 632 579 καί
659 514 868 598 Φειὸηναίων
890 515 946 580 καλ
970 513 1183 581 Οὐιεντανῶν

162 620 399 702 πολεμούντων
426 618 594 704 Ῥωμαίοις
630 621 686 686 καί
720 620 836 707 Λάρον
878 622 1086 703 Τολουμνίου
1122 629 1183 688 τοῦ

132 726 323 810 εβασιλέως
358 733 541 813 Τυρρηνῶν
570 729 733 794 πανὸεινά
764 737 943 806 ποιοῦντος
973 724 1044 794 κατ’
1071 728 1183 794 αὐτῶν

162 835 331 919 χιλίαρχος
353 857 404 912 τις
421 832 590 918 Ῥωμαίος,
613 829 726 913 Αὖλος
749 839 938 921 Κορνήλιος
958 837 1091 912 Κόσσος
1113 833 1184 900 ἐπί-

162 946 291 1025 κλησιν,
320 939 453 1008 ἐλαύνει
475 943 535 1008 τὸν
559 943 663 1008 ἵππον
684 943 767 1008 κατὰ
789 951 850 1010 τοῦ
878 945 1100 1040 Τολουμνίου·
1127 943 1184 1010 καί

163 1045 276 1132 ἐπειδή
307 1048 411 1133 ἀγχοῦ
441 1047 588 1133 ἐγένετο,
618 1047 760 1135 φέρουσι
786 1046 857 1116 κατ’
880 1048 1033 1134 ἀλλήλοιν
1059 1051 1100 1116 τά
1127 1051 1183 1116 δέ·

123 1155 255 1240 2ρατα
301 1155 319 1220 ὁ
346 1155 408 1238 μὲν
430 1149 494 1222 οὖν
521 1157 725 1240 Τολούμνιος
751 1157 811 1222 τὸν
835 1157 938 1223 ἵππον
961 1155 1065 1222 αὐτοῦ
1092 1159 1183 1224 παίει

119 1285 145 1323 ιο
164 1262 219 1327 ῦιά
240 1271 300 1328 τοῦ
324 1266 482 1347 στήθους,
505 1262 542 1340 ὃς
565 1263 777 1349 ἀναχαιτίσας
800 1264 910 1352 ριπτεῑ
930 1264 990 1330 τὸν
1008 1261 1182 1350 έπιβάτην·

163 1369 181 1434 ὁ
212 1368 250 1434 δὲ
276 1373 465 1455 Κορνήλιος
495 1371 551 1436 διὰ
579 1377 709 1456 θυρεοῦ
738 1393 774 1436 τε
800 1371 856 1438 καί
882 1371 1038 1456 θώρακος
1064 1369 1184 1448 ἐλάσας

163 1471 224 1560 τήν
247 1478 369 1562 αἰχμήν
392 1478 438 1554 εἰς
461 1478 501 1543 τά
524 1479 652 1562 πλευρὰ
674 1477 862 1564 περιτρέπει
888 1479 948 1544 τὸν
976 1477 1183 1562 Τολούμνιον

164 1581 229 1648 ἀπὸ
265 1592 326 1649 τοῦ
363 1584 483 1668 ἵππου,
522 1585 578 1650 καί
619 1582 667 1650 ἔτι
703 1584 958 1668 ἀιανισταμένου
996 1583 1091 1670 φέρει
1127 1585 1183 1650 διὰ

123 1689 276 1768 3<τοῦ>
304 1692 478 1773 βουβῶνος
503 1692 542 1756 τὸ
570 1687 674 1776 ξίφος.
720 1691 915 1770 ἀποκτείνας
941 1692 979 1758 δέ
1001 1692 1105 1758 αὐτὸν
1127 1692 1183 1760 καί

119 1817 145 1858 ιε
163 1798 203 1862 τά
226 1801 332 1862 σαῦλα
355 1793 560 1881 ἀφελόμενος
583 1798 624 1863 ού
647 1800 753 1882 μόνον
770 1800 849 1875 τοὺς
872 1798 972 1881 ὁμόσε
992 1807 1183 1885 χωροῦντας

166 1905 274 1982 ἱππεῖς
303 1926 339 1969 τε
367 1904 423 1970 καί
453 1907 571 1984 πεζοὺς
598 1901 797 1989 ἀνέστειλεν,
827 1904 910 1971 ἀλλὰ
939 1906 995 1972 καί
1021 1909 1101 1985 τοὺς
1128 1905 1183 1972 έπλ
1314 1937 1319 1948 ·

163 2022 231 2076 τῶν
258 2011 405 2096 κεράτων
428 2010 625 2098 ἀμφοτέρων
648 2007 846 2096 ἀντέχοντας
873 2014 921 2090 είς
948 2009 1100 2097 ἀθυμίαν
1127 2013 1182 2080 καί

164 2117 239 2196 δέος
260 2117 466 2204 κατέστησεν.
512 2118 622 2185 Ambr.

235 2223 291 2290 VI.
316 2223 365 2310 (3)
392 2225 564 2311 Δεύτερον
591 2225 816 2304 ὑπατεύοντος
843 2228 961 2293 Αύλου
988 2231 1181 2314 Κορνηλίου

119 2354 146 2394 ιο
164 2333 301 2397 Κίσσον
323 2332 379 2398 καί
402 2334 501 2397 Τίτου
520 2335 682 2398 Κοιντίου
706 2333 819 2420 αύχμψ
842 2334 972 2422 μεγάλη)
993 2342 1183 2402 κακωθεῖσα

163 2439 183 2521 ή
207 2448 248 2522 μή
272 2437 407 2503 πάντων
429 2437 608 2505 έσπάνισεν
631 2441 671 2505 ού
694 2443 890 2523 μόνοντῶν
913 2441 1072 2528 ὀμβρίων,
1100 2443 1183 2510 ἀλλά

163 2545 219 2609 καί
245 2555 314 2610 τῶν
336 2548 540 2627 ναματιαίων
561 2546 707 2613 ῦδάτων·
737 2546 773 2613 έκ
800 2547 839 2613 δέ
861 2548 982 2614 τούτου
1005 2550 1183 2636 προβάτων

164 2650 225 2734 μέν
247 2652 303 2716 καί
330 2651 520 2735 ὑποζυγίων
542 2654 598 2719 καί
624 2656 716 2737 βοῶν
738 2653 901 2736 ἐπίλειψις
923 2659 1085 2741 παντελής
1112 2655 1183 2741 έγέ-

164 2781 251 2842 νετο,
274 2759 322 2836 εἰς
340 2758 379 2824 δέ
398 2762 477 2836 τοὺς
499 2757 705 2846 ἀνθρώπους
722 2764 817 2828 νόσοι
834 2763 1044 2849 κατέσκηψαν
1062 2765 1182 2830 πολλαὶ

164 2865 225 2948 μέν
257 2867 312 2932 καί
344 2866 455 2951 ἀλλαι,
491 2867 632 2950 μάλιστα
663 2868 701 2934 ἀὲ
735 2870 756 2954 ή
791 2871 954 2955 ψωρωάης
984 2870 1182 2956 καλουμένη,

164 3079 226 3132 Εεο.
245 3079 280 3134 ολ.
300 3078 332 3133 Ο.
346 3077 463 3132 Richter
481 3077 678 3150 Topogmphie
697 3080 724 3134 d.
740 3079 823 3135 Stadt
840 3081 912 3136 Rom
930 3099 958 3150 p.
974 3081 1044 3136 192¹
1102 3090 1119 3136 4
1136 3102 1183 3137 το-

164 3148 349 3219 λονρουμνλου
381 3148 476 3203 Ambr.
558 3156 574 3204 5
606 3149 746 3206 πάνθεινα
777 3160 926 3216 ποιοῦντος
957 3156 1090 3223 corrupta
1122 3170 1182 3208 εεεε

113 3236 115 3240 ’
165 3221 291 3276 Struvius
311 3237 405 3289 opusc.
425 3221 473 3276 sel.
492 3220 505 3274 I
525 3227 576 3276 173
599 3225 706 3290 censet3
733 3239 770 3276 an
791 3223 943 3293 Dionysius
962 3225 1103 3295 πανδημεί
1122 3224 1182 3278 έπε-

165 3290 246 3353 όντος
273 3291 403 3360 seripsit?
484 3299 517 3347 14
543 3301 593 3348 τοῦ
621 3294 686 3347 add.
715 3293 813 3348 struve
848 3294 851 3366 ή
885 3292 971 3350 αὐτὸν
997 3295 1062 3350 add.
1085 3295 1180 3355 Ambr.

166 3369 199 3418 16
227 3362 314 3431 λππὴς
340 3362 435 3418 Ambr.
522 3369 555 3418 22
583 3363 726 3434 ναματίων
753 3363 849 3419 Ambr.
880 3364 1055 3435 ναματιαίων
1083 3365 1182 3421 struve

166 3440 199 3488 23
219 3431 356 3504 ἐπίλειψις
374 3433 468 3488 Ambr.
489 3433 619 3506 έπίληψις
633 3435 725 3490 Maius
