2668 3922
160 191 226 258 238
578 220 612 230 ··
649 193 696 244 ῙΓ
729 220 762 230 -

120 319 426 402 2καταστήσεσθαι
457 321 657 393 πολυτελεῖς.
712 315 858 402 ἁλούσης
889 316 928 384 δέ
962 325 1021 401 της
1054 318 1183 394 πόλεως

161 422 331 490 ἀπέστειλε
360 433 428 490 τῶν
459 422 586 490 λππέων
617 425 696 502 τοὺς
727 421 1010 509 ἐπιφανεστάτους
1042 423 1183 510 ἀρουμέ-

159 554 242 608 νους
273 529 310 598 ἐκ
341 540 409 596 τῶν
440 530 582 616 βάθρων
612 532 650 596 τὸ
682 529 771 609 ἕδος·
803 531 848 609 ὡς
879 531 918 598 δὲ
945 534 1123 617 παρῆλθον
1150 531 1184 596 ολ

159 636 373 723 πεμφθέντες
395 638 442 716 είς
464 638 526 704 τὸν
548 638 645 722 νεών,
671 639 731 704 καί
749 661 800 717 τις
823 636 857 717 ἐξ
880 637 992 704 αὐτῶν
1014 636 1080 704 εἴτε
1102 639 1184 719 μετὰ

129 745 295 822 επαιδιᾶς
312 745 367 810 καλ
385 743 528 828 γέλωτος
548 744 613 810 είτε
636 745 760 811 οἰωνοῦ
783 745 951 829 δεόμενος,
974 745 1004 810 ελ
1026 744 1183 828 βούλοιτο

159 857 336 935 μετελθελν
367 851 415 928 είς
442 848 568 936 Ῥώμην
598 851 618 936 ἡ
648 853 744 937 θεός,
775 853 889 939 ήρετο,
922 859 1019 938 φωνή
1047 861 1183 940 γεγωνῷ

159 959 198 1024 τὸ
231 956 353 1037 ξόανον
384 955 586 1044 ἐφθέγξατο,
619 959 671 1026 ὅτι
701 959 866 1043 βούλεται.
916 966 1015 1026 τοῦτο
1047 958 1104 1026 καί
1131 958 1185 1036 δίς

160 1064 312 1150 γέγονεν·
340 1063 559 1144 ἀπιστοῦντες
585 1067 649 1152 γὰρ
673 1067 706 1133 ολ
728 1067 913 1151 νεανίσκοι,
943 1066 973 1132 ελ
1000 1066 1038 1132 τὸ
1062 1063 1184 1144 ξόανον

159 1169 203 1256 ήν
234 1174 272 1240 τὸ
306 1171 551 1259 φθεγξάμενον,
583 1173 685 1240 πάλιν
714 1175 838 1259 ήροντο
864 1174 903 1240 τὸ
931 1172 1012 1240 αὐτὸ
1039 1173 1096 1238 καλ
1122 1174 1184 1257 τήν

116 1301 143 1342 ιο
162 1279 268 1366 αὐτήν
291 1282 410 1366 φωνήν
431 1281 589 1364 ήκουσαν.
634 1280 745 1348 Ambr.
1137 1340 1140 1346 .

212 1385 305 1454 [HL
329 1384 380 1475 (4)
401 1389 459 1454 Ἐν
482 1387 520 1453 δὲ
547 1395 587 1474 τη
615 1385 700 1474 ἀργή
727 1397 795 1456 τῶν
819 1388 901 1471 μετά
927 1388 988 1456 τὸν
1010 1386 1184 1471 Κάμιλλον

160 1494 298 1561 ὑπάτων
324 1496 425 1572 νόσος
453 1495 501 1572 είς
519 1491 644 1579 Ῥώμην
670 1493 854 1580 κατέσκηψε
882 1495 1014 1579 λοιμικὴ
1041 1495 1103 1579 τήν
1126 1494 1184 1579 άρ-

160 1604 224 1687 χήν
252 1599 317 1667 ἀπό
344 1623 381 1666 τε
403 1599 587 1688 ἀνομβρίας
609 1602 665 1668 καί
685 1601 824 1688 αὐχμῶν
846 1604 997 1684 λαβοῦσα
1026 1602 1184 1688 ἰσχυρῶν,

160 1708 222 1794 ὑφ’
247 1702 297 1773 ὧν
327 1714 517 1774 κακωθεῖσα
548 1708 570 1792 ή
601 1731 637 1774 τε
668 1709 835 1794 δενδρίτις
866 1709 922 1774 καί
953 1709 974 1792 ή
1005 1710 1185 1795 σιτοφόρος

116 1835 142 1876 ιι
164 1814 299 1899 ὀλίγους
327 1813 390 1897 μέν
419 1814 614 1900 ἀνθρώποις
642 1817 791 1902 καρποὺς
820 1813 973 1900 ἐξήνεγκε
1001 1815 1058 1882 καί
1089 1831 1184 1882 νοσε-

121 1921 142 1986 2
162 1921 257 2008 ροός,
281 1921 400 2007 ὀλίγην
423 1921 461 1988 δέ
483 1921 539 1988 καλ
561 1923 714 2009 πονηράν
736 1926 921 2008 βοσκήμασι
943 1926 1059 2009 νομήν.
1103 1943 1184 2010 προ·
1208 1921 1211 1927 ’

161 2029 273 2112 βάτων
290 2028 353 2112 μέν
371 2023 434 2096 οὖν
452 2029 508 2096 καλ
527 2039 596 2096 των
614 2030 725 2096 άλλων
743 2029 934 2114 ὑποζυγίων
952 2029 1184 2116 άναρόθμιητόν

160 2161 193 2202 τι
224 2137 394 2224 διεφθάρη
427 2142 558 2222 πλῆθος
589 2137 630 2206 οὐ
663 2142 759 2222 χιλοῦ
791 2137 1041 2220 σπανισάμενον
1067 2139 1184 2222 μόνον,

161 2243 246 2310 ἀλλά
267 2244 323 2309 καλ
345 2252 462 2310 ποτοῦ·
485 2243 630 2328 τοσαύτη
654 2245 762 2330 <γδρ>
784 2253 853 2310 τῶν
875 2267 910 2310 τε
933 2247 1104 2328 ποταμίων
1127 2245 1184 2310 καί

117 2369 144 2410 τι
161 2361 229 2418 τῶν
252 2351 363 2417 άλλων
385 2349 541 2433 ναμάτων
563 2348 726 2431 ἐπίλειψις
749 2349 895 2436 ἐγένετο,
922 2353 1021 2436 ήνίκα
1043 2351 1184 2435 μάλιστα

122 2455 143 2520 3
161 2457 278 2540 κάμνει
301 2458 409 2524 πάντα
431 2458 523 2538 δίψει
545 2459 586 2523 τά
608 2457 699 2540 βοτά.
736 2459 913 2545 άνθρωποι
936 2458 973 2526 δέ
996 2458 1105 2544 όλάγοι
1121 2457 1184 2542 μέν

161 2586 250 2641 τινες
268 2564 513 2650 διεφθάρησαν,
531 2563 571 2642 ἃς
588 2565 682 2630 οὕτω
701 2567 865 2652 πρότερον
882 2562 1063 2652 ἐπείρασαν
1080 2583 1183 2652 προσ-

162 2671 375 2755 ενεγκάμενοι
401 2671 543 2758 τροφάς,
572 2673 606 2738 ολ
635 2671 674 2738 δέ
701 2672 812 2738 λοιποί
838 2680 959 2758 μικροῦ
985 2671 1107 2750 πάντες
1136 2673 1184 2750 είς

162 2781 285 2856 νόσους
312 2779 425 2856 δεινὰς
451 2778 634 2846 κατέπεσον
661 2778 845 2865 ἀρχομένας
871 2778 934 2862 μὲν
960 2777 1025 2845 άπὸ
1055 2791 1183 2866 μικρῶν

117 2901 144 2942 ⁸⁶
162 2883 411 2971 ἐξανθημάτων,
441 2885 462 2952 δ
492 2886 569 2972 περὶ
597 2889 677 2963 τοὺς
707 2883 833 2964 ἔξωθεν
859 2896 988 2973 χρῶτας
1015 2884 1182 2971 ἀνίστατο,

235 3103 249 3150 1
274 3095 505 3166 καταστήσασθαι
527 3095 623 3152 Ambr.
646 3096 872 3166 καταστήσεσθαι
897 3095 996 3152 sime
1070 3103 1103 3152 14
1127 3095 1179 3167 ἀφ’

163 3161 202 3222 ὧν
221 3167 317 3222 Ambr.
336 3165 387 3237 ὑφ’
405 3163 444 3222 ὧν
463 3166 562 3223 Stmve
590 3168 593 3241 λ
621 3169 767 3236 θενδρότις
784 3167 919 3234 Ambr.Q
992 3173 1026 3224 18
1046 3168 1184 3224 σπανισά-

161 3257 245 3308 μενος
276 3237 372 3293 Ambr.
406 3237 610 3309 έσπανισμόκον
644 3240 791 3296 Ειιθιοτεα
821 3239 924 3294 Mnem.
951 3245 984 3294 22
1010 3242 1103 3311 (1894)
1130 3246 1182 3295 390

163 3316 197 3364 19
211 3310 294 3379 ‘post
310 3311 431 3380 τοσαύτη
451 3311 551 3368 addidi
567 3310 621 3382 γὰρ
677 3317 712 3366 20
729 3313 795 3380 pout
813 3307 920 3381 ἐγένετο
937 3310 1036 3368 Βλουτε
1050 3312 1182 3367 lacunam

163 3397 224 3437 esse
242 3383 349 3448 οεηεθδς
369 3397 406 3439 an
422 3378 543 3452 ἐγένετο,
557 3380 681 3452 δπηνίκα
700 3399 723 3438 ο.
737 3381 892 3456 Κίθεεὶίιις,
905 3379 1015 3452 ἐγένετο
1029 3382 1089 3460 άρμ
1103 3383 1183 3447 ἔτους

162 3450 248 3522 ήνίκα
266 3451 339 3508 Smit
358 3451 422 3508 Obs.
442 3470 470 3521 p.
485 3458 520 3509 58
594 3459 627 3508 23
645 3462 746 3524 μικροῦ
765 3455 826 3508 δεῖν
845 3469 868 3510 ο,
883 3453 1026 3525 Kiessling
