2668 3922
157 198 224 263 210
577 225 611 232 -
648 197 689 248 [A
725 225 760 232 -

157 325 257 388 πόλιν
274 322 320 399 ὡς
337 323 512 406 πρότερον,
533 320 555 404 ἢ
579 321 635 385 διὰ
657 331 726 386 τῶν
746 320 859 385 ὅπλον
880 319 961 384 αὐτὸ
985 321 1178 404 ληψόμενοι,

157 429 270 513 ἐπειδὴ
300 430 338 494 τὸ
368 429 570 513 συγχώρημα
599 423 732 510 ἔλαβον,
764 425 954 511 ἀπέστησαν
985 425 1092 503 εὐθὺς
1120 436 1178 510 τῆς

157 535 338 618 ἐπιθυμίας
368 536 424 601 καί
455 537 514 612 τὰς
545 534 694 610 σπουδὰς
726 531 781 598 ἐπὶ
811 534 958 619 θάτερον
986 531 1178 615 μετέβαλον.

117 644 138 709 3
156 648 291 710 πολλῶν
313 641 354 727 γε’
373 666 427 708 τοι
449 643 636 727 δημοτικῶν
654 643 953 726 παραγγελλόντων
970 640 1033 724 την
1052 643 1266 724 χιλιαρ-εεοσ

126 752 234 835 ιχίαν
264 751 320 814 καί
349 747 682 829 κατεσπουδασμένας
711 745 922 830 ποιουμένων
949 747 1008 823 τὰς
1039 747 1179 830 δεήσεις,

157 856 281 923 οὐδένα
303 866 361 941 τῆς
387 867 483 941 τιμῆς
510 855 631 939 ταύτης
657 854 751 932 ἀξιον
774 849 860 920 εἶναι
887 852 1068 936 ὑπέλαβον,
1095 852 1180 917 ἀλλὰ

156 966 332 1048 γενόμενοι
360 973 418 1047 τῆς
447 966 565 1047 ψήφου
594 963 705 1047 κύριοι
731 965 811 1040 τοὺς
838 959 875 1027 ἐκ
900 972 969 1026 τῶν
995 962 1180 1044 πατρικίων

156 1072 328 1153 μετιόντας
364 1069 470 1154 αὐτὴν
501 1070 627 1154 ἀνδρας
662 1067 836 1154 ἐπιφανεῖς
871 1067 1062 1153 χιλιάρχους
1097 1066 1179 1132 ἀπο-

157 1177 382 1260 δεικνύουσιν,
409 1171 527 1242 Αάλον
550 1177 771 1262 Σεμπρώνιον
790 1173 983 1261 Ἀτρατῖνον
1009 1174 1066 1239 καί
1092 1174 1179 1238 Λεό-

113 1305 139 1347 ιο
156 1309 232 1350 κιον
251 1281 395 1350 Ἀτίλιον
418 1287 575 1350 Λοῦσιιον
597 1283 653 1348 καί
681 1285 779 1350 Τίτον
802 1284 953 1349 Κλύλιου
976 1282 1130 1347 Σικελόν.

228 1407 328 1474 LXII.
350 1403 453 1474 Οὗτοι
476 1407 774 1494 παραλαμβάνουσι
796 1419 922 1493 πρῶτοι
944 1408 1006 1490 τὴν
1024 1405 1179 1471 ἀνθύπα-

157 1540 217 1582 τον
240 1516 346 1601 ἀρχην
367 1517 451 1580 κατὰ
473 1516 534 1580 τὸν
555 1517 670 1602 τρίτον
693 1513 848 1581 ἐνιαυτὸν
870 1523 928 1598 τῆς
955 1513 1179 1598 ὀγδοηκοστῆς

156 1623 212 1689 καί
238 1622 395 1708 τετάρτης
417 1622 622 1705 ὀλυμπιάδος
649 1623 810 1708 ἄρχοντος
834 1621 996 1706 Ἀθήνησι
1018 1621 1178 1705 Διφίλου.

156 1731 373 1814 μετασχόντες
405 1725 436 1793 δ’
464 1729 565 1813 αὐτῆς
601 1728 828 1814 ἑβδομήκοντα
863 1728 919 1793 καί
952 1737 1041 1811 τρεῖς
1072 1729 1179 1809 μόνον

112 1857 138 1898 ιε
156 1835 279 1921 ἡμέρας
297 1835 514 1902 ἀποτωενται
532 1838 614 1902 κατὰ
633 1838 693 1902 τὸν
707 1836 846 1921 ἀρχαίου
860 1833 1003 1918 ἐθισμόν
1021 1832 1179 1918 ἑκούσιοι,

156 1943 378 2027 θεοπέμπτων
408 1954 512 2008 τινῶν
545 1945 690 2027 σημείων
721 1944 937 2028 κωλυτηρίυν
969 1941 1082 2019 αὐτοῖς
1117 1951 1178 2007 τοῦ

117 2053 138 2117 2
156 2051 314 2136 πράττειν
331 2052 372 2116 τδι
389 2051 487 2116 κοινδ
505 2049 704 2134 γενομένων.
740 2050 869 2115 τούτων
888 2050 926 2114 δέ
944 2051 1005 2134 τὴν
1023 2047 1179 2127 ἐξουσίαν

156 2156 390 2241 ἀπειπαμένων
416 2159 437 2242 ἡ
465 2158 572 2242 βουλὴ
601 2162 816 2223 συνελθοῦσα
842 2160 1072 2240 μεσοβασιλεῖς
1098 2156 1179 2222 ἀπο·

156 2266 315 2330 δείκνυσι.
361 2265 417 2330 καί
444 2263 566 2330 ἐκεῖνοι
592 2267 808 2350 προειπόντες
835 2262 1028 2350 ἀρχαιρέσια
1054 2262 1110 2328 καί
1132 2271 1178 2351 τῷ

112 2394 139 2434 ιο
156 2371 249 2458 δήμῳ
267 2373 330 2456 τὴν
348 2371 531 2454 διάγνωσιν
545 2371 776 2456 ἀποδιδόντες,
795 2372 860 2437 είτε
878 2371 1034 2455 βούλεται
1052 2370 1264 2455 χιλιάρ-αεοο

156 2500 237 2561 χους
259 2477 324 2542 εἴτε
346 2477 495 2555 ὑπάτους
518 2476 703 2562 ἀποδεῖξαι,
730 2481 906 2564 κρίναντος
934 2477 1037 2553 αὐτοῦ
1065 2476 1179 2559 μένειν
1307 2473 1310 2480 ’

156 2581 212 2648 ἐπὶ
234 2592 304 2659 τοῖς
325 2581 358 2660 ἐξ
377 2583 479 2668 ἀρχῆς
497 2581 664 2669 ἐθισμοῖς,
688 2585 856 2650 ἀπέδοσαν
873 2595 943 2662 τοῖς
961 2583 1180 2667 βουλομένοις

156 2700 225 2755 τῶν
245 2690 428 2772 πατρικίων
445 2689 592 2772 μετιέναι
614 2693 676 2775 τὴν
693 2691 823 2757 ὕπατον
846 2691 965 2778 ἀρχήν·
986 2691 1043 2756 καί
1065 2693 1180 2775 γίνον-

156 2819 210 2862 ται
233 2779 334 2862 πόλιν
357 2793 393 2861 έκ
415 2805 484 2862 τῶν
506 2799 689 2883 πατρικίων
711 2797 833 2864 ὕπατοι
851 2798 993 2874 Λεύκιος
1011 2799 1180 2882 Παπίριος

112 2926 138 2967 ει
156 2909 373 2990 Μογιλλᾶνος
395 2904 451 2969 καί
473 2905 615 2981 Λεύκιος
637 2905 856 2991 Σεμπρώνιος
874 2902 1078 2991 Ἀτρατῖνος,
1103 2902 1180 2982 ἑνὸς

228 3175 242 3222 1
263 3165 332 3223 αότδ
351 3169 380 3222 Μ
399 3169 487 3239 αάτὴν
505 3169 527 3222 L
551 3169 623 3224 αάτδι
639 3170 665 3223 V
737 3176 754 3224 4
776 3167 808 3240 γέ
829 3170 884 3242 τοι]
910 3168 964 3239 γάρ
987 3188 1031 3222 τοι
1055 3168 1179 3224 Reudler

156 3239 246 3293 Tiroe.
266 3245 324 3308 μθ
387 3245 402 3293 9
422 3240 520 3295 αόλιον
540 3240 562 3295 Ο
625 3246 659 3294 10
678 3238 828 3296 ἀτέλιονΟ
860 3241 863 3312 λ
893 3243 1011 3310 λοῖγχον
1029 3240 1074 3294 La
1097 3243 1179 3310 λοθγ-

156 3329 207 3380 γον
226 3309 271 3363 Lb
290 3314 408 3381 λοθσχον
427 3311 483 3365 VM
508 3312 511 3382 λ
536 3312 687 3367 κλεόδιονΙι
761 3318 795 3366 14
813 3309 995 3382 μετασχόντες
1009 3309 1036 3366 δ’
1049 3311 1178 3381 αότῆςΟ

157 3379 343 3451 κατασχόντες
362 3381 389 3437 δ’
403 3383 491 3453 αάτήν
506 3382 609 3452 Sylbur
704 3389 738 3438 23
757 3384 916 3452 μετεῖναιΙι
994 3389 1029 3437 24
1047 3384 1179 3452 μενόκιος

157 3453 298 3520 παπόριος
316 3452 364 3506 LV
382 3455 512 3522 μενόκιος
530 3402 677 3523 πατρῗκιος
694 3455 724 3508 Μ
