2668 3922
146 202 210 267 196
563 229 598 238 -
634 201 675 252 ιι
711 228 744 237 -

144 329 192 404 εἰς
221 327 402 410 διαλλαγάς
431 325 664 411 συνέρχονται,
693 323 793 389 τέκνα
821 347 856 390 τε
885 325 941 390 καί
963 322 1164 408 συγγένειαν

143 435 198 498 καλ
226 435 307 499 αὐτὸ
335 435 373 500 τὸ
395 435 554 500 ταπεινὸν
576 442 684 517 σχήμα
705 432 761 496 καί
783 433 867 496 ἀλλα
888 433 995 496 πολλὰ
1018 431 1162 517 [φέρων]

103 541 191 618 5είς
223 535 336 606 οἶκτον
367 539 572 626 ἐφελκόμενα
602 541 641 606 τὸ
672 544 812 624 πλῆθος.
852 547 956 604 ταῦτα
983 539 1025 623 δή
1054 539 1164 604 πάντα

143 651 395 732 κατηγορήματα
434 659 502 713 τῶν
542 647 679 712 ὑπάτων
719 642 804 730 [κατ’
840 644 951 710 αὐτῶν
990 643 1163 731 ἐκχέαντος
1171 663 1246 712 2283

112 755 318 820 εΚλαυδίου
343 757 459 840 Γαίου,
485 755 541 820 καὶ
568 752 718 838 πάντων]
746 763 813 818 τῶν
839 754 1026 838 παρόντων,
1049 749 1163 831 ἔδοξεν

143 861 275 945 ἀγαπᾶν
307 861 429 938 αὐτοὺς
461 862 492 926 εί
522 862 566 945 μή
599 860 747 926 δώσουσι
778 860 883 936 δίκας·
916 859 1094 944 θριάμβων
1125 860 1163 943 δὲ

142 977 334 1052 καταγωγῆς
355 969 377 1052 ή
404 991 507 1034 τινων
529 967 691 1032 τοιούτων
714 969 956 1051 συγχωρήσεων
977 966 1060 1032 οὐδὲ
1081 969 1163 1032 κατὰ

142 1078 263 1162 μικρὸν
285 1074 398 1152 ἀξίους
420 1069 506 1140 εἶναι
528 1074 715 1159 τυγχάνειν.

214 1182 249 1248 L.
270 1180 583 1267 Ἀποήηφισαμένης
608 1181 645 1246 δὲ
674 1191 733 1264 τῆς
759 1183 884 1263 βουλῆς
909 1181 971 1246 τὸν
991 1182 1163 1265 θρίαμβον

99 1311 125 1351 ιο
143 1288 407 1373 ἀγανακτοῦντες
425 1290 458 1354 ολ
476 1289 553 1374 περὶ
570 1290 631 1353 τὸν
651 1286 837 1372 Οὐαλέριον
854 1286 910 1352 καί
928 1287 1044 1372 δεινήν
1061 1287 1163 1372 ὕβριν

143 1396 436 1480 ὑπολαμβάνοντες
458 1395 655 1480 ὑβρίζεσθαι
678 1393 903 1460 συνεκάλεσαν
921 1395 969 1471 είς
986 1392 1163 1479 ἐκκλησίαν

143 1506 180 1569 τὸ
212 1510 355 1588 πλῆθος·
401 1504 456 1568 καί
488 1504 595 1568 πολλά
625 1513 684 1587 τής
713 1505 838 1585 βουλῆς
868 1503 1162 1586 κατηγορήσαντες,
1228 1486 1235 1498 ’

143 1610 465 1696 συναγορευσάντων
501 1609 614 1686 αὐτοῖς
649 1619 717 1675 τῶν
753 1607 931 1692 δημάρχων
966 1609 1022 1673 καί
1057 1611 1163 1692 νόμον

144 1717 423 1802 εἰσηγησαμένων,
445 1717 535 1802 παρά
556 1725 616 1781 τοῦ
635 1717 742 1800 δήμου
761 1715 969 1797 λαμβάνουσι
987 1716 1048 1799 τήν
1066 1739 1164 1782 κατα-

99 1845 124 1885 ιε
143 1825 257 1910 γωγήν
279 1831 339 1889 τοῦ
361 1822 543 1909 θριάμβου,
566 1833 692 1908 πρῶτον
705 1820 872 1904 Ῥωμαίων
890 1821 1047 1888 ἁπάντων
1063 1831 1162 1888 τοῦτο

104 1930 397 2018 2είσηγησάμενοι
437 1931 474 1996 τὸ
514 1927 602 2007 ἔθος.
662 1928 697 1994 ἐκ
739 1929 777 1994 δὲ
817 1929 938 1994 τούτου
978 1929 1080 1994 πάλιν
1116 1931 1164 2008 είς

144 2037 328 2124 ἐγκλήματα
372 2037 428 2104 καί
469 2037 633 2122 διαφοράς
674 2037 707 2101 οί
748 2037 919 2119 δημοτικοί
959 2039 1162 2103 καθίσταντο

143 2147 227 2230 πρὸς
258 2148 337 2223 τοὺς
368 2146 574 2230 πατρικίους·
606 2141 806 2230 παρώξυνον
838 2139 869 2208 δ’
887 2143 1010 2222 αὐτοὺς
1041 2146 1074 2209 οἱ
1106 2145 1164 2229 δή·

143 2277 262 2338 μαρχοι
297 2249 376 2320 καθ’
402 2251 529 2338 ἡμέραν
561 2249 826 2334 ἐκκλησιάζοντες
857 2251 913 2316 καί
944 2252 1051 2316 πολλὰ
1081 2253 1164 2316 κατὰ
1316 2269 1317 2296 ³

99 2382 125 2422 εο
143 2370 200 2443 τῆς
236 2363 360 2444 βουλῆς
397 2359 558 2444 λέγοντες.
606 2355 650 2442 ήν
682 2356 713 2422 δ’
738 2357 758 2442 ή
791 2356 931 2439 μάλιστα
967 2356 1163 2442 έρεθίζουσα

143 2469 222 2542 τοὺς
261 2468 406 2542 πολλοὺς
446 2465 627 2550 ὑπόληψις,
666 2465 711 2548 ήν
752 2462 873 2530 ἐκείνοι
913 2465 1164 2550 παρεσκεύασαν
1173 2481 1247 2532 2284

145 2573 286 2660 ἰσχυράν
308 2571 481 2656 γενέσθαι,
505 2575 630 2657 φήμαις
652 2569 681 2634 τ’
703 2570 897 2648 ἀδεσπότοις
919 2571 974 2637 καλ
997 2573 1163 2654 εἰκασμοῖς

217 2754 230 2801 1
259 2743 450 2818 συνέρχονται]
480 2746 609 2817 ἔρχονται
637 2762 660 2800 ο.
684 2746 793 2816 Kayser
819 2747 891 2800 Ann.
917 2747 985 2816 phiL
1011 2753 1089 2814 1870,
1112 2753 1163 2802 726

144 2827 160 2875 2
186 2819 255 2874 ἀλλα
279 2818 358 2873 ΙΝΜ
421 2816 515 2886 φέρων
541 2835 594 2872 om.
618 2817 640 2870 L
720 2818 795 2880 δείς
813 2813 908 2872 οἶκτον
924 2860 929 2872 .
946 2861 952 2872 .
968 2861 973 2873 .
990 2860 995 2872 .
1012 2816 1113 2888 ομένου
1131 2815 1162 2874 τὸ

143 2892 213 2946 ml:
245 2891 248 2963 ί
283 2889 362 2960 δήλ7
411 2889 482 2944 M
555 2887 705 2944 λδπάτων
723 2892 776 2943 πολ
791 2931 886 2944 .....
900 2897 956 2943 τῶν
974 2888 1163 2956 παρόντωνΙι

143 2981 206 3017 cum
234 2963 287 3016 1ου.
315 2963 373 3015 fere
399 2965 432 3014 20
457 2961 522 3028 litt„
550 2959 664 3015 ὑπάτων
692 2960 780 3014 πολλὰ
807 2959 870 3015 κατ’
896 2961 988 3015 αὐτῶν
1016 2958 1164 3031 ἐκχέαντος

143 3031 287 3090 Κλαυδίου
310 3031 400 3088 Γαίου
425 3033 474 3086 καλ
500 3033 592 3086 αὐτῶν
615 3029 763 3099 παρόντων
782 3032 807 3085 V
829 3031 944 3087 δπάτον
961 3031 1050 3086 πολλὰ
1069 3029 1163 3101 φέρων

143 3107 183 3168 εἰς
202 3100 297 3160 οἶκτον
316 3101 487 3173 ἐφελκόμενα
505 3101 536 3158 τδ
552 3105 662 3172 πλῆθος
676 3101 739 3157 κατ’
751 3104 844 3158 αάτῶν
858 3100 1006 3174 ἐκχέαντος
1019 3101 1163 3158 Κλαυδίου

144 3173 234 3232 Γαίου
258 3176 307 3229 καὶ
333 3177 425 3230 αὐτῶν
447 3173 595 3242 παρόντων
613 3174 643 3228 Μ
665 3175 797 3229 lacunam
820 3175 861 3230 sic
884 3175 1070 3244 supplendam
1090 3191 1162 3230 esse:

142 3247 258 3303 ὑπάτων
282 3243 441 3317 [ἐκχέαντος
463 3243 608 3300 Κλαυδίου
634 3247 683 3302 καλ
709 3245 915 3301 ἐπαινεσάντων
939 3245 1083 3318 ἁπάντων]
1107 3255 1163 3302 τῶν

143 3338 172 3373 τι.
188 3335 210 3374 ο.
225 3317 367 3387 Kiessling
422 3324 438 3372 ὁ
457 3316 552 3384 ἔδοξεν
567 3321 627 3373 δεῖν
641 3319 756 3388 ἀγαπᾶν
770 3319 872 3380 αὐτοὺς
885 3317 988 3372 Reiske
1044 3325 1059 3373 7
1078 3326 1163 3373 τινῶν

143 3390 278 3444 τοιοότων
303 3389 500 3458 συγχωρήσεων
524 3388 547 3444 Ο
572 3398 658 3459 τιμῶν
682 3389 821 3444 τοσούτων
848 3389 1043 3459 συγχωρήσεως
1069 3390 1164 3444 Κίεεε-
1315 3403 1316 3470 ἑ

144 3461 206 3530 ling
236 3461 238 3531 ή
269 3459 345 3530 om]
366 3459 468 3514 οότεΙι
542 3467 575 3516 1³
594 3458 688 3530 νόμων
707 3459 729 3514 Ο
748 3457 836 3528 νόμον
854 3459 957 3516 Βοίελτε
