2668 3922
600 251 635 261 -
671 223 718 274 ΙΓ
752 251 785 260 -
1139 219 1205 285 245

255 351 311 417 XL
334 348 407 438 (16)
441 350 483 414 Οί
510 348 548 414 δέ
570 347 693 414 Κελτοὶ
721 347 798 412 οὔτε
828 339 924 412 οίνον
950 344 1133 429 ἀμπέλινον
1161 347 1206 410 εί-

185 462 278 537 δότες
300 465 482 544 τηνικαῦτα
502 456 579 522 ούτε
598 452 721 538 ἔλαιον,
745 445 819 519 οίον
842 455 876 520 αἱ
898 453 982 540 παρ’
995 454 1076 538 ἡμῖν
1099 451 1206 518 ἐλαίαι

185 567 359 654 φέρουσιν,
383 565 456 630 ἀλλ’
474 563 554 651 οίνμ
577 562 639 646 μέν
657 562 822 648 χρώμενοι
843 567 965 647 κριθῆς
988 561 1146 644 σαπείσης
1169 557 1207 626 ἐν

182 674 281 740 ύδατι
299 677 389 758 χυλῷ
408 671 564 755 δυσώδει,
586 667 685 757 ἐλαίῳ
705 668 743 734 δὲ
765 669 866 753 συείςο
889 666 1000 733 στέατι
1022 673 1207 732 πεπαλαιω-

183 780 271 868 μίνῳ
295 782 356 864 τήν
379 801 414 844 τε
438 777 544 862 ὀδμήν
566 777 622 842 καί
644 777 706 860 τήν
729 783 846 860 γεῦσιν
870 773 995 862 ἀτόπῳ,
1018 776 1092 840 τότε
1116 773 1205 854 <δέ>
1239 795 1251 835 ι

183 899 317 974 πρῶτον
350 884 599 960 ἀπολαύσαντες
635 877 682 949 ὧν
715 883 808 948 ούπο
846 879 1026 965 ἐγεύσαντο
1059 892 1207 966 καρπῶν,

183 996 379 1078 θαυμαστὰς
398 993 478 1069 ὅσας
498 990 553 1076 ἐφ’
568 989 693 1078 έκάστφ
717 988 906 1073 ἐλάμβανον
923 989 1048 1072 ἠδονδς
1069 989 1125 1054 καί
1147 989 1207 1054 τὸν

185 1099 282 1180 ξένον
312 1101 461 1186 ἠρώτων,
493 1108 564 1175 πῶς
594 1121 630 1164 τε
661 1100 789 1182 γίνεται
819 1096 949 1161 τούτων
981 1095 1121 1162 ἕκαστον
1151 1096 1208 1161 καί

184 1210 273 1294 παρὰ
305 1209 394 1273 τίσιν
426 1206 628 1291 ἀνθρώποις.
681 1201 756 1292 (17)
781 1201 816 1268 Ὁ
849 1202 887 1268 δέ
921 1204 1093 1288 Τυρρηνὸς
1124 1202 1246 1284 πρὸς2

185 1314 307 1392 αύτούς
331 1330 446 1398 φησιν,
474 1313 525 1378 ὅτι
547 1322 589 1396 μή
613 1311 675 1395 μέν
697 1309 789 1377 ἐστιν
811 1310 832 1394 ἠ
856 1309 996 1386 τούτους
1019 1306 1207 1394 ἐκφέρουσα
1226 1330 1253 1369 ιο

184 1423 264 1498 τοὺς
290 1423 439 1506 καρποὺς
468 1419 575 1503 πολλή
605 1419 660 1484 καὶ
690 1418 818 1502 ἀγαδή,
847 1416 1005 1500 νέμονται
1034 1415 1072 1481 δέ
1102 1415 1208 1500 αύτήν

186 1527 294 1611 ὀλήεοι
316 1526 405 1604 τινὲς
427 1527 603 1610 ἀνθρωττοι
625 1525 681 1590 καί
703 1525 744 1589 τδι
766 1525 814 1601 είς
832 1526 979 1607 πόλεμον
997 1521 1100 1589 οὐδὲν
1118 1521 1208 1605 ἀμεί-

185 1657 267 1710 νους
296 1644 477 1718 γυναικών,
504 1632 650 1698 ὑπέθετό
677 1654 712 1696 τε
740 1631 855 1708 αὐτοῖς
881 1631 925 1715 μή
949 1631 995 1696 δι’
1012 1630 1100 1713 ώνής
1123 1629 1208 1694 αύτδι

186 1737 263 1826 παρ’
281 1739 404 1826 ἐτέρων
426 1737 475 1805 ἔτι
498 1739 690 1823 λαμβάνειν,
719 1737 792 1803 ἀλλ’
809 1735 1010 1822 ἐκβαλόντας
1032 1739 1112 1816 τοὺς
1133 1740 1208 1804 τότε

185 1849 324 1934 κυρίους
347 1847 391 1926 ὡς
411 1848 516 1913 οἰκεία
534 1851 756 1933 καρποῦσθαι.
797 1844 929 1922 τούτοις
947 1845 988 1929 δή
1008 1855 1084 1924 τοῖς
1097 1847 1208 1930 λόγοις
1227 1865 1253 1906 ιε

186 1956 219 2020 οί
245 1954 369 2020 Κελτοί
395 1956 591 2037 πειθόμενοι
618 1950 729 2038 ἠλδον
757 1953 804 2030 είς
827 1951 970 2018 Ἰταλίαν
995 1953 1052 2018 καί
1080 1958 1207 2040 Τυρρη-

184 2072 255 2128 νών
287 2065 366 2139 τοὺς
397 2060 623 2145 καλουμένους
652 2061 879 2142 Κλουσίνους,
911 2058 996 2124 ὅθεν
1026 2055 1070 2142 ἠν
1101 2059 1157 2125 καί
1189 2059 1206 2125 ὁ

185 2171 301 2245 πείσας
323 2169 446 2245 αύτούς
468 2173 634 2250 πολεμεῖν.
679 2167 788 2231 Ambr.

256 2273 327 2339 ΧΠ.
348 2272 420 2361 (18)
441 2270 709 2338 Ἀποσταλέντιον
733 2271 771 2336 δὲ
793 2274 1008 2357 πρεσβευτῶν
1031 2269 1067 2336 ἐκ
1086 2269 1208 2358 Ῥώμης

186 2379 240 2446 ἐπί
274 2381 438 2463 Κελτούς,
476 2378 547 2444 ἐπεί
582 2381 727 2463 ἠκουσεν
762 2369 810 2455 είς
841 2388 908 2444 τών
940 2381 1207 2464 πρεσβευόντων,
1225 2401 1252 2440 ιο

185 2489 330 2564 Κόιντος
352 2485 487 2570 Φάβιος,
509 2488 589 2563 τοὺς
610 2485 802 2572 βαρβάρους
826 2483 880 2550 ἐπί
903 2487 1076 2572 προνομήν
1099 2485 1207 2572 ἐξελη-

186 2592 344 2677 λυθέναι,
372 2592 532 2658 συνάπτει
559 2594 705 2675 πόλεμον
729 2591 843 2670 αὐτοῖς
869 2592 925 2658 καί
948 2594 1009 2659 τὸν
1031 2605 1099 2660 τών
1122 2598 1207 2660 Κελ-

185 2713 254 2768 τῶν
275 2701 422 2785 ἡγεμόνα
445 2699 586 2786 ἀναιρεῖ·
615 2699 869 2777 ἀποστείλαντες
896 2700 934 2766 δέ
961 2702 1008 2778 είς
1026 2698 1152 2784 Ῥώμην
1175 2703 1208 2766 ολ

186 2807 350 2895 βάρβαροι
385 2804 503 2890 ἠξίουν
534 2807 757 2892 παραδιδόναι
793 2808 890 2891 σφίσι
921 2808 981 2873 τὸν
1013 2807 1121 2892 ἀνδρα
1151 2809 1207 2873 καί

185 2916 245 2980 τὸν
273 2913 422 2999 ἀδελφὸν
450 2912 553 2978 αὐτοῦ
581 2911 752 2998 ἐκδότους,
782 2916 901 2992 ποινάς
927 2911 1112 2999 ὑφέξοντας
1139 2923 1207 2981 τῶν
1226 2934 1251 2974 οι

258 3128 274 3177 5
304 3126 369 3193 post
400 3121 461 3179 τότε
493 3124 672 3178 inserendum
701 3141 761 3179 esse
788 3145 817 3179 τε
844 3123 889 3179 vel
917 3124 947 3179 δέ
981 3123 1079 3179 struve
1112 3127 1208 3179 censet

187 3201 220 3250 17
239 3195 419 3265 Κλουσήνους
436 3195 532 3250 Ambr.
553 3196 588 3250 de
607 3196 767 3250 accusativo
788 3193 961 3258 Κλουσίνους
984 3195 1019 3249 cf.
1038 3195 1128 3251 Krebs
1153 3195 1208 3250 Zur

186 3267 307 3322 Rection
337 3268 387 3322 der
412 3267 498 3323 Casus
521 3267 534 3322 1
559 3286 586 3336 p.
609 3273 641 3320 11
718 3272 752 3321 18
777 3270 907 3338 πολεμεῖν
932 3265 1028 3321 Ambr.
1055 3264 1207 3336 ἐπολέμουν

185 3339 336 3408 Kiessling.
378 3338 447 3394 Cum
473 3338 608 3410 ἔρχεσθαι
632 3339 673 3400 εἰς
696 3336 845 3408 πολεμίους
863 3355 948 3408 saepe
966 3338 993 3393 1ο
1014 3340 1091 3407 atur,
1117 3335 1208 3408 ἦλθον

186 3408 446 3474 είς-Κλουσίνους
474 3410 671 3482 corrigendum
697 3427 754 3464 non
781 3413 824 3466 est
903 3416 938 3465 24
962 3357 1043 3481 ἠξίου
1067 3409 1207 3476 Ambr.Q

185 3479 284 3552 ἠξίουν
302 3481 398 3539 Ambr.
414 3484 440 3536 A
