2654 3916
146 219 211 284 302
563 247 597 256 -
634 219 650 270 Ι
655 219 680 271 Θ
717 247 751 256 -

146 343 338 429 συμμάχους
367 343 549 427 ἀπολάβετε
578 345 657 420 τοὺς
690 343 797 420 ἰδίους
829 352 950 427 προῖκα
981 339 1059 428 παρ’
1085 340 1168 426 ἐμοῦ
1177 359 1250 410 2346
1310 389 1311 408 1

145 452 281 529 πολίτας
308 472 344 515 τε
370 450 426 516 καὶ
454 449 646 535 συμμάχους
673 450 832 527 ἅπαντας·
861 450 968 528 άλλως
990 446 1020 515 δ’
1039 450 1102 516 οῦκ
1125 449 1169 516 ἀν

144 557 359 640 ὑπομείναιμι
372 559 518 635 πολλοὺς
530 556 587 622 καί
600 556 752 640 ἀγαθοὺς
764 556 847 640 ὑμῖν
859 555 1034 642 προέσθαι.
1063 557 1168 624 Vrsin.

215 662 318 730 xlm.
348 663 415 751 (18,
434 662 469 752 8)
503 669 614 730 Ταῦτα
640 663 702 746 μὲν
728 673 797 730 τῶν
823 674 926 749 τριῶν
953 667 1168 749 πρεσβευτῶν

113 772 321 856 επαρόντων
351 768 471 854 ἔλεξεν,
502 769 572 858 ίδίηι
602 769 641 836 δὲ
668 771 730 836 τὸν
762 772 948 856 Φαβρίκιον
978 768 1166 854 ἀπολαβών·

141 874 225 962 Ἐγὼ
245 877 293 962 σέ,
316 880 432 964 φησίν,
455 873 481 944 ὦ
503 879 674 964 Φαβρίκιε,
697 877 915 960 πυνθάνομαι
934 877 1112 962 κράτιστον
1129 876 1168 944 ἐν

142 985 335 1068 ἡγεμονίαις
370 983 525 1068 πολέμων
556 978 643 1050 εἶναι
678 983 742 1050 κάν
772 994 818 1071 τῷ
853 986 917 1072 βίηι
949 985 1081 1050 δίκαιον
1110 985 1167 1050 καί

144 1091 304 1177 σώφρονα
326 1091 382 1157 καὶ
404 1092 462 1169 τὰς
485 1092 587 1169 ἀλλας
609 1091 738 1170 ἁπάσας
757 1088 876 1176 ἔχοντα
893 1090 1021 1177 ἀρετάς,
1043 1091 1167 1178 χρημά-

143 1219 211 1263 των
238 1197 271 1263 δ’
292 1198 421 1284 ἀπορον
446 1198 503 1264 καί
529 1201 610 1265 καθ’
630 1197 669 1265 ἓν
691 1200 729 1264 τὸ
756 1197 856 1284 μόρος
882 1206 982 1264 τοῦτο
1007 1196 1167 1266 ἐλασσού-

99 1328 125 1368 ιο
143 1327 247 1387 μενον
268 1304 335 1372 ὑπὸ
363 1316 421 1392 της
442 1305 558 1390 τύχης,
586 1305 670 1371 ὥστε
692 1305 798 1391 μηδὲν
821 1305 959 1387 ἀμεινου
980 1315 1049 1371 τῶν
1071 1326 1167 1371 πενε-

143 1411 272 1478 στάτων
301 1416 495 1496 βουλευτῶν
525 1411 563 1478 ἐν
591 1423 662 1491 τοῖς
690 1413 774 1479 κατὰ
801 1413 861 1478 τὸν
888 1413 966 1494 βίον
993 1412 1166 1478 διατελεῖν.

103 1521 123 1584 2
142 1529 241 1585 τοῦτο
265 1521 306 1605 δη
329 1520 368 1586 τὸ
390 1519 490 1605 μέρος
510 1517 720 1605 ἐκπληρῶσαι
739 1519 1021 1605 προθυμούμενος
1039 1517 1168 1602 ἕτοιμός

143 1627 210 1709 είμι
232 1627 365 1692 διδόναι
388 1626 443 1692 σοί
465 1631 596 1711 πλῆθος
618 1625 784 1712 ἀργυρίου
806 1625 862 1691 καί
884 1627 1026 1712 χρυσίου
1048 1635 1167 1692 τοσοῦ-

142 1756 212 1815 τον,
234 1733 316 1800 ὅσον
333 1732 536 1817 κτησάμενος
554 1733 702 1810 ἅπαντας
719 1732 919 1818 ὑπερβαλεῖς
936 1733 1069 1822 πλούτῳ
1087 1736 1167 1811 τοὺς

99 1861 124 1901 ιε
142 1840 283 1923 μάλιστα
311 1839 494 1917 δοκοῦντας
512 1837 679 1923 Ῥωμαίων
702 1839 870 1925 εὐπορεῖν·
899 1827 1003 1906 καλὸν
1027 1840 1167 1923 νομίσας

143 1946 300 2030 ἀνάλωμα
330 1946 385 2012 καλ
417 1945 547 2033 πρέπον
577 1948 716 2032 ἡγεμόνι
747 1948 826 2024 τοὺς
857 1945 1010 2031 ἀγαθοὺς
1041 1947 1167 2032 ἀνδρας
1176 1965 1247 2014 2347

142 2051 284 2133 ἀναξίως
306 2063 364 2138 της
387 2053 504 2140 ἀρετῆς
526 2054 583 2119 διὰ
605 2055 725 2119 πενίαν
747 2054 953 2139 πράττοντας
980 2053 1167 2140 εὐεργετεῖν

141 2162 198 2227 καί
237 2163 413 2244 βασιλικοῦ
453 2160 602 2226 πλούτου
643 2163 735 2226 τοῦτ’
769 2160 927 2246 ἀνάθημα
967 2162 1023 2227 καί
1068 2184 1166 2226 κατα-

102 2270 123 2334 3
143 2268 312 2351 σκεύασμα
334 2270 575 2354 λαμπρότατον.
617 2265 667 2354 (9)
690 2268 812 2351 μαθὼν
835 2266 873 2334 δὲ
895 2270 956 2354 την
979 2267 1062 2353 ἐμην
1084 2289 1166 2354 προ-

98 2397 124 2436 εο
142 2377 283 2460 αίρεσιν,
309 2377 484 2461 Φαβρίκιε,
507 2375 563 2440 καί
585 2382 696 2440 πᾶσαν
715 2374 923 2458 ἀποθέμενος
946 2375 1029 2441 αίδῶ
1052 2374 1166 2460 μέτεχε

142 2491 210 2547 τῶν
232 2477 310 2567 παρ’
328 2483 409 2567 ημῖν
431 2481 651 2567 ὑπαρχόντων
674 2481 824 2566 ἀγαθῶν,
852 2483 897 2560 ὡς
924 2481 1005 2564 ἐμοῦ
1027 2481 1166 2566 μελλον-

141 2611 198 2666 τος
226 2588 377 2654 εἴσεσθαι
404 2589 460 2654 καί
486 2587 633 2672 μεγάλην
660 2604 715 2654 σοι
741 2588 850 2675 χάριν,
877 2589 933 2656 καί
959 2590 1005 2672 μά
1027 2590 1086 2655 Δί’
1103 2589 1166 2655 οὐκ

142 2694 265 2761 ἐλάττω
288 2744 475 2760 .........
497 2695 554 2761 καί
585 2693 691 2772 ξένων
722 2697 801 2773 τοὺς
831 2696 1048 2779 τιμιωτάτους
1079 2690 1166 2762 εἶναι

214 2912 230 2961 8
249 2907 379 2977 ἀγαθοὺς
398 2904 505 2974 ἀνδρας
526 2923 548 2961 ο.
567 2906 671 2961 Βείελεε
744 2913 761 2961 6
780 2906 822 3033 σεδ
841 2906 872 2962 δέ
891 2907 917 2962 V
940 2906 993 2977 ἐγὼ
1012 2906 1164 2962 δέ-πυν-

141 2975 271 3047 θάνομαί
296 2995 325 3033 σε
350 2976 469 3032 Ursinus
546 2983 561 3032 '1
587 2977 636 3032 καλ
661 2982 699 3032 τῶ
724 2975 775 3050 βίη
848 2979 904 3034 κάν
928 2983 966 3050 τῷ
988 2975 1040 3051 βίῳ
1065 2978 1164 3034 8131·qu

142 3055 158 3104 8
184 3049 234 3112 τὰς
261 3046 328 3112 όλοις
355 3048 467 3111 ἁπάσας
489 3047 515 3101 V
549 3049 552 3121 λ
590 3031 739 3119 χρημάτων
765 3069 794 3104 τε
821 3048 844 3105 O
873 3071 915 3122 χρ.
940 3047 967 3105 δ’
994 3066 1017 3104 ο.
1041 3049 1165 3120 Sylburg

142 3126 158 3174 9
177 3117 361 3190 ἐλευσόμενον
380 3120 403 3176 Ο
427 3136 496 3176 corr.
517 3119 640 3190 Sylburg
712 3125 746 3175 10
769 3119 877 3190 μηδένα
896 3121 921 3174 V
994 3127 1026 3176 11
1050 3123 1164 3192 βουλευ-

141 3200 196 3246 τῶν
220 3191 275 3246 del.
295 3191 367 3246 Smit
385 3191 450 3246 obs.
469 3209 497 3260 p.
514 3197 547 3245 63
621 3195 655 3246 20
680 3188 797 3262 μίταοχε
820 3191 870 3247 EV
892 3192 996 3263 μήταχε
1018 3191 1045 3246 Χ
1069 3189 1163 3262 μέτεχε

142 3262 265 3332 Sylburg
341 3269 374 3317 22
401 3263 490 3317 ίσεται
511 3263 562 3318 EV
584 3261 688 3318 είσεται
710 3263 736 3317 X
762 3279 831 3318 corr.
850 3263 969 3318 Ursinus
998 3263 1002 3337 λ
1031 3263 1164 3318 Ιεοοοευι

142 3333 260 3389 Ursinus
277 3334 427 3389 indicavit:
449 3335 501 3389 οάιι
520 3332 639 3390 ἐλάττων
656 3343 713 3389 τῶν
731 3333 805 3404 ἐμῶν
823 3332 913 3404 φίλων
931 3335 980 3390 καλ
1000 3332 1164 3406 ἀναγκαίαν

140 3406 186 3460 vel
203 3406 256 3461 οῦκ
275 3405 376 3461 ἐλάττω
396 3409 465 3475 (aec.
474 3405 563 3532 ³plur.)
581 3414 637 3460 τῶν
656 3405 729 3476 ἐμῶν
748 3403 838 3475 φίλων
857 3403 997 3476 φέρεσθαι
1012 3406 1061 3461 καὶ
1076 3403 1163 3472 ξείνων

142 3477 172 3532 ἐν
190 3485 250 3540 τοῖς
267 3475 442 3547 τιμιωτάτοις
459 3495 534 3532 εναι
552 3473 645 3547 νόμιζε
663 3476 767 3532 Reiske
