2654 3916
557 215 591 224 -
628 187 672 238 ΙΕ
710 215 743 224 -
1096 187 1160 252 271

140 314 299 396 δυόμενοι
335 311 526 397 συμμάχων,
562 307 644 397 ἔργα
680 310 718 376 δέ
753 310 954 397 πράττοντες
984 313 1162 397 πολεμίων,

139 424 277 498 πολλαῖς
304 418 366 502 μὲν
388 417 588 503 ἡττηθέντες
614 417 680 484 ὑπὸ
700 416 867 500 Ῥωμαίων
888 417 1021 503 μάχαις,
1051 419 1162 504 δεήσει

140 527 178 592 δὲ
208 526 334 617 μεγάλη
365 525 629 608 καταλυσάμενοι
660 525 721 590 τὸν
747 526 895 608 πόλεμον
921 525 977 590 καί
1005 527 1161 611 τυχόντες

140 635 273 720 εέρὴνης
301 633 374 710 οῗας
400 629 597 716 ἐβούλεσθε·
624 633 665 698 τά
692 631 730 698 δὲ
756 635 928 697 τελευταία
953 635 1048 718 φίλοι
1070 632 1162 716 γενό-

140 747 222 807 σθαι
248 749 307 824 τῆς
333 741 460 816 πόλεως
486 739 581 823 ἡμῶν
608 737 887 825 προθυμηθέντες
913 739 969 805 καλ
996 739 1162 826 σύμμαχοι
1195 764 1207 805 ι

138 849 194 914 καλ
226 849 305 924 τοὺς
337 846 459 924 αύτούς
486 843 655 930 Ῥωμαίοις
686 846 867 930 ὀμόσαντες
899 844 985 925 ἕξειν
1016 845 1161 934 ἐχθρούς

138 955 194 1020 καί
222 956 351 1040 φίλους.
397 951 448 1041 (9)
465 945 527 1019 Ὧν
551 954 708 1020 ἁπάντων
730 951 968 1037 ἐπιλαθόμενοι
994 954 1050 1020 καλ
1079 951 1157 1041 παρ’Ι
1181 957 1201 1022 3

139 1061 241 1128 ούδὲν
258 1059 461 1146 ἡγησάμενοι
482 1063 561 1138 τοὺς
584 1062 705 1147 ὅρκους
728 1059 971 1145 ἐγκατελείπετο
993 1062 1063 1144 μὲν
1078 1063 1162 1147 ἡμᾶς

139 1165 177 1233 ἐν
203 1177 248 1256 τῷ
276 1168 360 1254 πρὸς
382 1169 550 1246 Λατίνους
577 1167 708 1256 πολέμῳ
736 1167 900 1254 καὶπρὸς
926 1168 1161 1247 Οὐολούσκους

57 1287 127 1339 2321
139 1274 313 1359 συστάντι,
337 1273 396 1352 ούς
421 1270 465 1339 δι’
480 1274 565 1358 ὑμᾶς
588 1273 733 1361 ἐχθροὺς
756 1271 874 1360 ἔχομεν
897 1275 938 1340 ού
961 1277 1161 1358 βουλόμενοι
1180 1301 1206 1341 ιο

107 1369 109 1372 ’
139 1390 199 1448 τοῦ
222 1380 300 1448 καθ’
318 1380 412 1464 ὑμῶν
436 1381 550 1459 αύτολς
572 1381 787 1468 συνάρασθαι
809 1380 969 1465 πολέμου·
994 1380 1032 1448 ἐν
1055 1382 1093 1448 δέ
1115 1394 1160 1470 τῷ

138 1490 344 1575 παρελθόντι
380 1487 521 1575 ἐνιαυτῷ
557 1490 769 1566 Νεαπολίτας
805 1488 956 1567 δεδιότας
992 1488 1162 1568 άναδελξαι

138 1597 198 1662 τὸν
225 1595 303 1661 καθ’
320 1596 414 1680 ἡμῶν
436 1597 583 1679 πόλεμον
606 1594 716 1686 άπάση
744 1597 875 1683 σπουδῇ
903 1597 959 1663 καί
985 1599 1152 1686 προθυμί,

138 1702 303 1788 χρώμενοι
327 1707 579 1789 παρωρμήσατε,
602 1707 730 1786 μᾶλλον
753 1701 783 1766 δ’
795 1703 1002 1789 ἠναγκάσατε
1024 1705 1081 1771 καί
1102 1707 1161 1784 τάς

139 1808 289 1886 δαπάνας
315 1807 540 1896 ἐπιχορηγελτε
567 1810 623 1877 καλ
649 1811 711 1896 τὴν
738 1812 839 1876 πόλιν
864 1811 910 1876 δι’
930 1811 1026 1895 ὑμῶν
1049 1813 1161 1880 αὐτῶν
1179 1833 1205 1875 τε

138 1901 235 2000 ἔχετε.
285 1924 351 1983 νῦν
383 1917 421 1982 δέ
452 1911 743 2004 παρασκευάζεσθε
774 1919 933 2003 στρατιάν
964 1917 1001 1984 ἐκ
1036 1921 1201 1997 παντὸς4

138 2021 327 2109 ἐγείροντες
358 2026 479 2109 τόκου,
509 2027 681 2110 πρόφασιν
712 2023 775 2106 μὲν
806 2021 923 2108 ἑτέραν
955 2025 1160 2111 ποιούμενοι,

137 2133 174 2195 τὸ
213 2129 243 2194 δ’
274 2130 399 2216 ἀληθὲς
434 2129 489 2197 ἐπὶ
525 2134 605 2208 τοὺς
640 2128 820 2214 ἡμετέρους
853 2126 1035 2213 ἐγνωκότες
1066 2132 1160 2216 άγειν

138 2235 311 2314 ἀποίκους·
351 2237 407 2302 καὶ
448 2235 503 2302 ἐπὶ
544 2237 666 2314 ταύτας
701 2237 760 2312 τάς
796 2235 933 2313 άδίκους
968 2236 1160 2316 πλεονεξίας

141 2343 361 2420 Φουνδανοὺς
387 2348 606 2429 παρακαλεῖτε
633 2342 689 2408 καί
715 2345 927 2427 Φορμιανούς
954 2345 1010 2410 καί
1037 2346 1159 2424 άλλους
1177 2366 1204 2408 νο

137 2447 240 2534 τινάς,
264 2441 314 2526 οἷς
335 2449 430 2534 ἡμεῖς
453 2451 674 2528 ἰσοπολιτείας
692 2449 929 2534 μετεδώκαμεν.
966 2449 1040 2540 (10)
1062 2453 1158 2520 Ούτω
1177 2453 1198 2519 5

137 2555 175 2621 δὲ
212 2566 365 2642 φανερῶς
400 2557 456 2622 καί
488 2556 716 2643 ἀναισχύντως
748 2557 960 2642 συγχεόντων
991 2559 1087 2643 ὑμῶν
1117 2563 1159 2627 τά
1323 2549 1324 2560 ¹

137 2663 213 2750 περί
249 2673 307 2748 τῆς
343 2666 457 2750 φιλίας
492 2664 549 2730 καί
584 2666 770 2750 συμμαχίας
805 2665 916 2750 ὅρκια,
953 2665 1157 2754 [ποιοῦντες]

136 2773 318 2856 πρεσβείαν
348 2771 433 2857 πρὸς
463 2769 549 2854 ὑμᾶς
580 2769 756 2858 ἐκρίναμεν
788 2771 981 2839 ἀποστεῖλαι
1014 2784 1158 2859 πρῶτον,

55 2878 191 2943 τινακαὶ
213 2879 257 2963 μὴ
281 2877 446 2965 πρότερον
469 2875 565 2964 άρξαι
586 2888 654 2944 τῶν
677 2875 785 2965 ἐργων
808 2880 889 2965 πρὶν
911 2879 931 2964 ἡ
955 2886 1158 2965 πειραθῆναι
1176 2901 1202 2942 τε

208 3095 224 3142 6
248 3085 402 3158 Ῥωμαίους
423 3089 450 3144 V
473 3107 542 3146 corr.
562 3088 680 3144 Ursinus
757 3095 773 3144 9
798 3086 870 3159 πρὸς
896 3091 1085 3155 Ούολούσκοις
1110 3109 1157 3148 συ-

137 3156 249 3222 στάντες
268 3159 290 3214 O
315 3177 384 3216 corr.
405 3159 528 3232 Sylburg
601 3166 634 3214 14
657 3161 895 3232 παρορμήσατεΟ
970 3167 1002 3216 15
1027 3162 1058 3218 δὲ
1078 3163 1157 3234 ἡμῶν

136 3230 229 3284 αὐτῶν
262 3229 284 3285 Ο
322 3248 391 3286 corr.
423 3232 526 3288 Reiske
618 3239 651 3288 1⁷
688 3231 841 3302 ἐγείροντες
873 3232 895 3287 0
932 3249 1001 3289 corr.
1035 3233 1137 3304 Sylbur

137 3306 170 3353 19
190 3298 322 3364 ἐποίκους
340 3302 362 3357 O
382 3319 451 3358 corr.
469 3304 588 3359 Ursinus
645 3310 679 3358 23
699 3303 782 3372 δρκια
799 3312 946 3367 ποιοῦντες
963 3304 1114 3378 πρεσβείαν
1133 3254 1157 3361 ὃ

135 3379 282 3436 ποιοῦντες
299 3374 330 3428 in
348 3377 429 3430 textu
445 3374 564 3430 Ursinus
584 3376 691 3443 omisit,
710 3375 760 3430 sed
773 3375 846 3430 nihil
860 3377 1019 3444 annotavit,
1035 3377 1070 3432 de
1084 3377 1157 3432 Boor

135 3446 200 3515 post
215 3441 298 3514 ὅρκια
311 3445 443 3502 lacunam
457 3448 627 3519 significavit
673 3453 707 3502 24
722 3446 837 3516 ἔκριναν
852 3447 875 3502 0
890 3446 1038 3518 ἐκρίναμεν
1052 3448 1156 3505 Reiske
