2656 3932
572 252 607 260 -
644 225 684 274 Μ
720 252 755 259 -
1111 223 1174 288 163

226 348 328 415 XXX.
347 344 479 415 Τοιαῦτ’
493 349 645 424 είπόντος
660 348 836 414 Κλαυδίου
854 347 910 413 καί
927 349 1056 432 πολλὴν
1074 363 1175 433 προσ·

74 476 145 526 22³3
154 455 276 534 θέντος
294 455 410 541 δέησιν
428 455 513 540 ὑπὲρ
536 463 596 520 τοῦ
620 454 725 539 μηδέν
747 453 974 540 ἐλαττωθῆναι
996 465 1064 520 τῶν
1086 451 1176 520 ἀντι-

156 565 269 646 δίκων,
298 563 348 629 ότι
376 561 517 646 πελάτης
543 559 586 647 ἦν
613 561 669 628 καί
696 563 864 645 ταπεινός,
892 561 1095 647 παραλαβὼν
1117 562 1176 626 τὸν

156 672 258 754 λόγον
282 669 299 735 ὁ
323 679 381 754 τῆς
404 671 505 755 κόρης
526 675 621 746 θεῖος
645 667 741 754 όλάχα
764 669 819 734 καῖ
843 668 927 734 αὐτὰ
949 669 989 734 τὰ
1011 669 1095 753 πρὸς
1117 669 1177 733 τὸν

156 779 301 864 ἀρχοντα
329 778 485 863 εἰρῆσθαι
514 778 726 862 προσήκοντα
755 769 840 841 εἷπε·
870 773 994 861 πατέρα
1023 775 1085 859 μὲν
1114 768 1177 840 οδν
1209 796 1222 836 ι

157 879 244 950 εἶναι
265 895 324 970 τῆς
346 886 448 971 κόρης
471 881 578 968 λέγων
604 881 805 968 Οὐεργίνιον
828 881 864 948 ἐκ
890 893 958 948 τῶν
981 882 1177 966 δημοτικῶν,

157 990 197 1056 δν
216 991 400 1076 ἀποδημεῖν
419 992 684 1081 στρατευόμενον
706 988 791 1075 ὑπέρ
813 999 872 1074 της
893 991 1032 1067 πόλεως·
1055 988 1178 1075 μητέρα

157 1098 195 1164 δὲ
230 1098 391 1182 γενέσθαι
421 1097 639 1183 Νομιτωρίαν
675 1098 737 1181 την
772 1096 923 1190 ἀδελφὴν
953 1097 1015 1181 την
1046 1093 1178 1179 ἐαυτοῦ,

157 1205 318 1291 σώφρονα
349 1205 405 1272 καί
436 1205 571 1290 ἀγαθὴν
602 1213 760 1288 γυναῖκα,
791 1203 834 1286 ἣν
866 1202 907 1268 οὐ
935 1207 1071 1281 πολλοῖς
1098 1205 1178 1288 πρό-

157 1335 257 1398 τερον
288 1311 453 1390 ἐνιαυτοῖς
485 1312 685 1378 ἀποθανεῖν·
718 1319 903 1396 τραφεῖσαν
935 1309 973 1376 δέ
1004 1311 1065 1394 τὴν
1095 1331 1179 1394 παρ·
1198 1333 1223 1372 ιο

157 1418 274 1503 θένον,
304 1419 348 1497 ὡς
375 1417 540 1507 ἐλευθέρᾳ
567 1417 622 1484 καί
649 1415 732 1502 ἀστῇ
760 1427 938 1502 προσῆκεν,
968 1416 1179 1503 ἁρμοσθῆναι

157 1528 240 1592 κατά
262 1528 368 1609 νόμον
383 1523 514 1613 Ἰκιλίφ,
537 1525 593 1590 καί
615 1524 709 1602 τέλος
732 1523 774 1590 ἀν
793 1522 966 1610 ἐσχηκέναι
983 1525 1044 1589 τὸν
1062 1523 1179 1608 γόμον,

41 1641 45 1652 “
159 1634 189 1698 τί
218 1633 261 1717 μη
291 1639 419 1700 θᾶττον
442 1631 460 1698 ὁ
483 1633 566 1718 πρὸς
593 1633 763 1709 Αἰκανοὺς
793 1627 914 1716 ἀνέστη
944 1632 1094 1715 πόλεμος.
1142 1629 1219 1697 m

159 1739 197 1805 δὲ
219 1750 289 1817 τοῖς
311 1738 432 1823 μεταξὺ
455 1741 589 1825 χρόνοις
613 1738 675 1804 οὐκ
698 1737 884 1806 ἐλαττόνων
906 1738 927 1823 ἢ
946 1739 1180 1812 πεντεκαίδεκα

158 1847 410 1932 διεληλυθότων
429 1844 512 1914 ἐτῶν
531 1845 633 1912 οὐδὲν
650 1854 805 1912 τοιοῦτον
823 1843 1075 1932 ἐπιχειρήσαντα
1098 1847 1181 1930 πρὸς
1200 1866 1224 1906 ιι

159 1954 282 2033 αὐτοὺς
313 1956 420 2022 εἰπεῖν
448 1954 632 2038 Κλαύδιον,
664 1951 777 2038 ἐπειδη
810 1953 875 2035 [δέ]
909 1953 1024 2037 γάμων
1053 1953 1073 2036 ἡ
1104 1963 1181 2030 παῖς

159 2058 255 2147 ἔσχεν
273 2061 365 2148 ὥραν
383 2061 439 2128 καί
457 2060 631 2146 διαφέρειν
647 2061 740 2126 δοκεῖ
756 2061 819 2144 τὴν
835 2060 925 2143 όυιν,
944 2057 1071 2145 ἐρῶντα
1088 2059 1181 2142 ἥκειν

160 2169 384 2254 ἀναίσχυντον
420 2168 660 2251 συκοφάντημα
695 2166 882 2248 κλάσαντα,
920 2165 982 2232 οὐκ
1019 2165 1083 2230 ἀπὸ
1124 2175 1181 2249 τῆς

79 2274 281 2343 θεοιέαυτοῦ
321 2275 469 2359 γνώμης,
510 2273 594 2339 ἀλλὰ
630 2271 935 2355 κατεσκευασμένον
971 2271 1028 2338 ὑπ’
1059 2271 1182 2357 ἀνδρὸς

161 2381 302 2459 διπόσαις
325 2379 481 2463 οίομένου
505 2381 578 2446 δεῖν
595 2389 667 2457 ταῖς
690 2376 884 2462 ἐπιθυμίαις
907 2377 943 2446 ἐκ
961 2379 1085 2456 παντὸς
1107 2381 1182 2465 τρό-
1199 2400 1226 2439 ιο

160 2511 226 2554 που
254 2489 456 2574 χαρίζεσθαι.
505 2487 567 2572 την
594 2486 656 2569 μέν
683 2480 747 2552 οὗν
774 2486 872 2571 δίκην
900 2486 1004 2552 αὐτὸν
1030 2483 1094 2571 έφη
1122 2486 1221 2552 τδν3

161 2594 285 2681 πατέρα
312 2594 389 2681 περί
415 2603 473 2678 τῆς
495 2595 671 2680 Ιθυγατρὸς
700 2592 970 2678 ἀπολογήσεσθαι
998 2595 1182 2678 παραγενό

161 2725 264 2786 μενον
291 2701 356 2768 ἀπὸ
384 2711 442 2786 της
469 2709 636 2786 στρατιᾶς·
668 2703 730 2786 την
757 2700 795 2766 δέ
824 2709 884 2766 τοῦ
913 2702 1062 2784 σώματος
1093 2699 1183 2765 ἀντι-

162 2813 307 2895 ποίησιν,
334 2809 377 2893 ἣν
405 2805 473 2874 ἔδει
504 2807 665 2892 γενέσθαι
694 2809 776 2874 κατὰ
807 2809 886 2884 τοὺς
913 2809 1052 2891 νόμους,
1084 2805 1183 2883 αὐτὸς

163 2923 333 2984 ποιεῖσθαι
360 2922 455 2993 θεῖος
482 2916 530 2981 διν
553 2925 610 3001 τῆς
636 2917 738 3001 κόρης
762 2915 817 2981 καί
840 2916 880 2980 τδ
904 2915 1015 2980 δίκαια
1037 2911 1183 2998 ὑπέχειν,
1201 2931 1226 2974 ει

164 3022 265 3087 οὐδέν
294 3021 395 3100 ἀξιῶν
425 3023 502 3088 οὔτε
532 3021 629 3101 ξένον
659 3023 735 3088 οὔτε
765 3021 783 3086 δ
813 3022 857 3106 μη
887 3021 943 3087 καί
972 3029 1042 3098 τοῖς
1071 3021 1183 3098 ἀλλοις

236 3203 251 3252 ό
270 3195 377 3266 πατέρα
396 3197 446 3268 μέν
465 3195 516 3253 οάν
535 3193 570 3266 ἦν
589 3193 699 3253 είναιΙι
718 3215 746 3251 π.
761 3195 811 3266 μέν
831 3191 882 3251 οόν
900 3189 976 3250 είναι
988 3194 1044 3250 MV
1063 3191 1114 3251 οδν
1129 3195 1182 3250 δεῖ.

164 3268 280 3335 Βοὶιῖιος
305 3269 343 3322 in‘
361 3265 412 3324 οὖν
435 3264 470 3340 ἦν
496 3269 585 3324 labere
610 3267 725 3338 γνήσιον
749 3267 794 3322 vel
818 3267 877 3322 tale
903 3267 971 3336 quid
997 3283 1020 3322 ο.
1041 3267 1184 3336 Kiessling

165 3345 199 3394 10
217 3348 355 3408 τραφεῖσα
373 3341 394 3394 L
459 3346 493 3395 1³
512 3340 575 3410 έοτη
595 3339 618 3394 0
642 3337 757 3408 συνέστη
777 3337 958 3393 Oasaubonus
977 3335 1077 3408 ἀνέστη
1097 3338 1185 3393 Cobet

165 3410 230 3466 Obs.
250 3429 277 3480 p.
293 3416 344 3466 209
418 3417 451 3466 16
475 3411 506 3467 δέ
530 3412 583 3467 del.
605 3410 709 3466 Reiske
786 3415 820 3464 23
844 3407 988 3477 στρατείας
1006 3409 1028 3465 Ο
1055 3417 1184 3477 στρατιᾶς

166 3481 289 3553 Sylburg
361 3489 395 3536 λθ
413 3482 448 3537 τά
467 3480 566 3538 δίκαιοι
585 3482 608 3538 0
626 3483 677 3545 τὰς
695 3479 778 3544 δίκας
795 3480 898 3536 Reiske

971 3589 1023 3641 11⁸
