2656 3932
598 213 754 262 -Ῑ-
1120 213 1181 278 101

163 338 224 420 την
250 336 446 420 προθυμίαν
468 345 536 400 τῶν
559 333 693 420 ἀνδρῶν
715 335 771 402 καί
793 335 928 402 πάντων
950 337 1032 402 κατὰ
1054 342 1184 422 πλῆθος

163 440 217 508 ἐπί
248 443 286 508 τὸ
314 440 494 527 συνέδριον
520 441 711 526 ὠσαμένων,
743 438 967 527 ἀναγκασθείς
993 442 1012 508 6
1040 447 1183 528 Σηστιος

162 551 223 634 τὴν
259 551 388 634 βουλὴν
424 558 627 633 συναγαγεῖν
662 552 779 633 μόνος,
816 547 929 634 ἐπειδὴ
961 549 980 615 6
1013 554 1184 635 Μενήνιος

162 655 327 732 ἀδύνατος
348 652 392 740 ἦν
414 665 569 742 παρεῖναι
591 656 647 722 διὰ
669 657 732 741 την
749 658 863 740 νόσον,
886 656 1081 744 προύθηκεν
1098 657 1183 743 ὑπὲρ

161 773 230 828 τῶν
270 764 384 846 νόμων
421 761 538 847 λέγειν.
598 761 785 849 ἐλέχθησαν
820 763 893 850 μὲν
918 758 981 830 οὖν
1017 765 1070 830 καί
1109 767 1183 830 τότε
1216 786 1227 824 ε

162 869 281 936 πολλοί
316 868 374 935 ὑπ’
400 868 598 956 ἀμφοτέρων
635 871 729 962 λόγοι
764 881 832 936 τῶν
860 894 897 935 τε
928 871 1183 956 παραινούντων

162 978 244 1042 κατὰ
264 979 400 1060 ’νόμους
431 977 682 1060 πολιτεύεσθαι,
713 977 769 1042 καί
798 987 865 1043 τῶν
895 975 1078 1056 ἀξιούντων
1105 980 1183 1055 τούς

162 1086 322 1170 πατρίους
354 1084 535 1170 φυλάττειν
566 1081 736 1167 ἐθισμούς.
790 1081 884 1150 ἐνίκα
915 1083 954 1150 δέ
983 1085 1004 1168 ἡ
1036 1095 1104 1152 τῶν
1135 1061 1227 1162 ελξῗέ

162 1191 268 1258 νέωτα
289 1194 480 1274 μελλόντων
501 1189 681 1256 ὑπατεύειν
703 1191 832 1276 γνώμη,
854 1191 898 1274 ἣν
908 1188 1048 1268 ’Άππιος
1071 1192 1183 1257 Κλαύ-

1 1292 2 1296 ’
82 1315 152 1364 2140
162 1299 234 1376 διος
260 1308 390 1385 πρῶτος
419 1296 599 1385 ἐρωτηθείς
622 1295 830 1382 ἀπεφήνατο,
857 1294 983 1383 ἄνδρας
1006 1299 1182 1384 αἱρεθῆναι
1201 1323 1227 1363 ιο

162 1405 242 1472 δέκα
263 1409 342 1482 τοὺς
365 1403 648 1489 ἐπιφανεστάτους
671 1403 707 1470 ἐκ
729 1414 787 1489 τῆς
808 1407 941 1488 βουλῆς.
986 1406 1126 1482 τούτους
1147 1403 1178 1470 δ’

162 1513 276 1597 ι’λρχειν
306 1513 354 1588 είς
382 1509 538 1577 ἐνιαυτὸν
563 1507 620 1596 ἀφ’
638 1507 678 1595 ης
705 1509 748 1576 δν
774 1509 1023 1596 ύποδειχθῶσιν
1049 1512 1182 1598 ἡμέρας,

162 1617 315 1696 ἐξουσίαν
343 1615 480 1703 ἔχοντας
507 1615 593 1703 ὑπὲρ
621 1617 777 1684 ἁπάντων
803 1629 872 1684 τῶν
894 1621 976 1686 κατὰ
999 1620 1060 1704 τὴν
1083 1621 1182 1685 πόλιν

161 1726 205 1809 ἣν
232 1719 323 1811 εἶχον
350 1725 445 1790 οἵτε
470 1724 592 1790 ύπατοι
618 1725 674 1791 καλ
701 1722 749 1791 ἐτι
776 1728 940 1812 πρότερον
967 1728 1000 1792 ολ
1025 1730 1182 1810 βασιλεῖς,

161 1832 219 1910 τός
248 1829 277 1897 τ’
295 1833 396 1910 ύλλας
427 1831 530 1918 ἀρχὰς
556 1831 663 1910 πόσας
691 1833 951 1918 καταλελύσθαι,
981 1833 1062 1911 τέως
1085 1833 1126 1900 δν
1150 1835 1182 1898 οἱ
1201 1854 1226 1895 ιε

162 1938 241 2006 δέκα
270 1940 394 2025 τύχωσι
422 1949 480 2024 τῆς
509 1936 620 2024 ἀρχῆς.
666 1940 805 2018 τούτους
833 1940 871 2006 δέ
892 1942 971 2017 τοὺς
998 1940 1123 2025 ἄνδρας
1147 1937 1221 2006 ἐκῧ

160 2070 195 2112 τε
222 2058 290 2113 τῶν
313 2047 463 2133 πατρίων
492 2044 585 2113 ἐθῶν
607 2047 663 2112 καί
686 2045 723 2113 ἐκ
745 2058 813 2112 τῶν
832 2045 1035 2130 Ἑλληνικῶν
1057 2049 1182 2130 νόμων,

161 2153 220 2232 οὓς
252 2153 409 2237 ἐκόμισαν
441 2155 475 2220 οἱ
505 2153 675 2239 πρέσβεις,
704 2151 940 2236 ἐκλεξαμένους
962 2155 1003 2218 τὰ
1025 2153 1182 2238 κράτιστα

160 2263 216 2328 καί
238 2270 279 2346 τῇ
298 2259 465 2344 Ῥωμαίων
487 2261 582 2326 πόλει
604 2262 783 2346 πρόσφορα
805 2263 1103 2343 νομοθετήσασθαι.
1141 2247 1215 2324 τόΓ

161 2368 198 2434 δέ
227 2366 399 2454 γραφέντα
427 2365 494 2432 ὑπὸ
522 2377 590 2432 τῶν
613 2366 693 2432 δέκα
715 2365 861 2452 ἀνδρῶν,
891 2365 951 2432 ἐὰν
973 2367 994 2450 λλ
1016 2389 1052 2431 τε
1075 2367 1180 2451 βουλὴ
1200 2400 1225 2440 2⁰

161 2474 323 2564 δοκιμύση
363 2473 419 2540 καί
460 2472 478 2538 6
519 2472 623 2557 δῆμος
663 2471 863 2564 ἐπιψηφίσῃ,
902 2474 1002 2560 κύρια
1037 2475 1086 2550 εἰς
1121 2474 1181 2540 τὸν

161 2582 290 2647 ἅπαντα
313 2573 399 2646 εἶναι
421 2581 556 2665 χρόνον,
578 2581 634 2645 καί
656 2581 714 2659 τὰς
737 2580 853 2666 ἀρχάς,
876 2581 951 2646 ὅσαι
974 2579 1017 2646 δν
1038 2580 1181 2665 ὕστερον

161 2689 402 2774 ἀποδειχθῶσι,
424 2689 508 2754 κατὰ
531 2687 713 2767 <τούτους>
727 2690 806 2765 τούς
828 2690 953 2772 νόμους
971 2689 1011 2754 τύ
1033 2712 1069 2753 τε
1094 2689 1180 2754 ἰδιω-

160 2798 234 2862 τικδι
262 2796 448 2880 συμβόλαια
470 2795 613 2881 διαιρεῖν
634 2795 753 2861 καὶτὰ
776 2791 918 2879 δημόσια
941 2794 1180 2880 ἐπιτροπεύειν.

81 2917 149 2965 2141
232 2901 314 2968 LVI.
372 2909 477 2968 Τοῦτο
518 2903 555 2969 τὸ
597 2899 705 2987 δόγμα
746 2899 904 2985 λαβόντες
945 2903 978 2968 ολ
1019 2903 1180 2988 δήμαρχοι
1199 2932 1224 2972 ετ

161 3015 336 3095 προῆλθον
368 3011 415 3088 είς
446 3011 509 3094 τὴν
540 3007 717 3093 ἐκκλησίαν
748 3009 804 3074 καί
836 3005 1037 3092 ἀναγνόντες
1067 3007 1104 3075 ἐν
1133 3021 1179 3096 τῷ

233 3191 248 3238 2
273 3184 436 3310 οή<ὓσ>τιος
453 3184 500 3239 Bb
580 3191 613 3238 12
636 3185 889 3310 δποδειέθῶσινΑ
969 3191 1003 3240 14
1026 3193 1137 3252 πρῶτον
1156 3185 1178 3240 Ο

161 3253 296 3382 πρότερον
339 3255 443 3327 ylburg
519 3261 553 3310 15
575 3255 712 3318 πάσαςΟ
758 3254 850 3318 πάσας
871 3256 1014 3326 Kiessling
1039 3257 1042 3322 λ
1067 3255 1179 3318 *ἐωςΟ

161 3330 228 3383 ante
260 3348 297 3390 ως
314 3328 345 3382 in
363 3328 386 3381 B
404 3344 462 3382 una
479 3327 577 3382 littera
595 3343 676 3381 erasa
756 3332 789 3380 1⁷
808 3346 894 3395 πατρι
912 3328 942 3381 in
960 3344 1015 3382 ras.
1035 3334 1113 3382 3-4
1133 3327 1179 3381 lit-

160 3399 279 3460 toraeB
339 3405 373 3452 19
391 3398 680 3469 νομοθετήσασθαιΒ
741 3403 775 3452 20
793 3397 940 3468 γράφοντα
958 3399 1004 3453 Ba
1064 3405 1097 3452 23
1116 3399 1179 3452 τού-

160 3491 226 3534 τους
244 3470 309 3525 add.
326 3469 469 3540 Kiessling
541 3476 575 3525 24
594 3469 727 3541 διαιρεῖν]
747 3471 860 3524 διαιτᾶν
880 3486 902 3524 c.
918 3469 1018 3526 Portus
