2656 3932
564 225 597 234 -·
635 197 675 248 M
713 224 746 233 -
1102 194 1165 258 169

146 323 223 406 ἴλην
247 321 440 387 ἀπέστειλεν
470 319 596 386 ἱππέων
619 317 670 386 ἐπ’
689 319 803 403 αὐτόν,
831 315 867 384 ἔτι
894 341 942 384 ιε’
956 327 1014 403 τῆς
1040 320 1167 396 πόλεως

146 428 252 514 ἕτεροι
273 427 490 513 πεμφθέντες
510 429 629 505 ἱππεῖς
656 426 802 511 ὑιίὅλης
820 427 949 503 ’νυκτὸς
974 425 1167 511 ἐφρούρουν

144 538 207 620 τῆν
230 535 294 613 ἀπὸ
319 533 545 621 στρατοπέδου
568 533 740 620 φέρουσαν
762 533 853 599 ὁδόν.
889 533 933 610 ὡς
956 533 994 598 ὑὲ
1012 532 1167 617 ἀπῆγγει-
1241 570 1242 573 ¹

89 670 109 702 ‘z
146 649 204 708 λεν
227 641 352 730 Ἀππίφ
380 664 430 719 τις
456 641 517 707 τὸν
547 641 748 726 Οὐεργίνιον
775 639 963 725 ἐληλυθότα
990 641 1079 725 παρὰ
1106 641 1167 724 τὴν

145 749 325 834 ὑπόληψιν,
362 745 423 826 ἔξω
455 758 522 814 τῶν
554 751 702 834 φρενῶν
726 749 905 831 γενόμενος
940 755 1051 832 παρῆν
1077 749 1167 829 ,μετὰ
1200 770 1212 810 ι

145 862 272 923 πολλοῦ
301 858 441 941 στίφους
469 853 523 921 ἐπὶ
550 857 588 921 τὸ
613 858 702 940 βῆμα
714 855 785 920 ιααί
811 855 993 939 προσάγειν
1016 852 1168 920 ἐκέλευσε

145 967 224 1041 τοὺς
251 973 309 1047 τῆς
331 964 432 1048 κόρης
456 971 635 1046 συγγενεῖς.
681 963 942 1047 προσελθόντων
965 957 996 1025 δ’
1014 961 1126 1027 αὐτῶν
1149 960 1167 1026 ὑ
1186 963 1207 1028 6

146 1071 207 1155 μὲν
235 1070 405 1147 Κλαύδιος
435 1071 515 1146 τοὺς
548 1069 671 1146 αὐτούς
702 1069 803 1134 πόλιν
836 1066 1017 1146 διεξελθὼν
1048 1069 1168 1152 λόγους

145 1175 241 1261 ῆξίου
267 1177 329 1242 τὸν
343 1175 489 1242 ’Ἀππιον
515 1174 676 1260 γενέσθαι
704 1177 864 1259 ὑιααστῆν
890 1175 1168 1260 τοῦπράγματος

146 1285 310 1368 μηδεμίαν
328 1283 498 1368 ἀναβολὴν
516 1281 752 1366 ποιησόμενού,
774 1280 892 1348 τόντε
914 1282 1065 1366 μηνυτὴν
1085 1303 1168 1366 τιαρ-
1187 1305 1213 1344 ιο

147 1401 234 1457 εῖναι
263 1390 370 1475 λόγων
398 1390 454 1455 καὶ
484 1392 562 1466 τοὺς
591 1389 769 1475 μάρτυρας
786 1391 842 1456 καλ
869 1392 943 1474 τῆν.
957 1389 1168 1474 θεράπαιναν

61 1499 253 1582 ειεῖαύτῆν
270 1497 463 1583 παραδούς·
492 1493 546 1581 ἐφ’
564 1489 616 1574 οἷς
642 1496 877 1574 ἅπασι-,πολὺς
904 1495 932 1561 δ’
946 1497 1169 1582 προσποιητὸς

148 1606 362 1690 σχετλιασμὺς
384 1601 437 1688 ῆν,
461 1605 492 1670 εί-
513 1606 557 1688 μῆ
580 1602 730 1682 τεύξεται·
749 1609 817 1670 τῶν
832 1603 923 1684 ἴσον
948 1613 1018 1680 τοῖς
1045 1605 1167 1686 ἄλλοις,

147 1713 191 1788 ὡς
214 1713 389 1798 πρότερον,
417 1711 468 1776 ὅτι
495 1711 637 1796 πελάτης
663 1708 706 1794 ῆν
729 1711 847 1776 αὑτοῦ·
876 1711 931 1776 καί
954 1711 1168 1796 παράκλησις,

144 1819 232 1904 [ἵνα]
256 1821 299 1903 μῆ
323 1829 393 1896 τοῖς
416 1817 620 1904 ἐλεεινότερα
643 1818 810 1903 λέγουσιν,
838 1817 922 1883 ἀλλὰ
949 1828 1018 1895 τοῖς
1044 1819 1168 1883 ὑιααιό-
1187 1839 1212 1879 ιι

146 1949 225 2011 τερα
248 1924 378 2004 ἀξιοῦσι
401 1930 552 2011 βοηθεῖν.
743 1977 747 1984 -
811 1922 814 1928 ’

217 2031 383 2098 ΧΧΧΠΠ.
412 2031 447 2098 ‘0
479 2034 517 2099 ὑὲ
546 2034 739 2117 τῆς-κόρης
757 2033 878 2115 ’πατὴρ
909 2031 965 2096 καλ
997 2032 1030 2095 ολ
1058 2033 1168 2096 λοιποί

147 2149 321 2222 συγγενεῖς
349 2141 575 2223 ἀπελογοῦντο
600 2139 678 2224 περί
705 2149 763 2222 τῆς
789 2137 958 2221 ὑποβολῆς
984 2139 1091 2202 πολλὰ
1114 2138 1168 2202 καί

68 2291 93 2303 ..
147 2247 259 2310 ὑίααια
286 2247 341 2310 καί
369 2246 479 2330 ἀληθῆ
508 2245 675 2329 λέγοντες,
690 2271 692 2277 ·
705 2244 749 2320 ὡς
777 2241 847 2308 οὔτ’
871 2244 982 2308 αἰτίαν
1009 2244 1169 2326 οὐδεμίαν

148 2347 236 2436 εἶχεν
267 2351 436 2436 ὑποβολῆς
468 2353 610 2434 εὑλογον
641 2352 660 2434 ἡ
686 2351 906 2435 -Νομιτεορίου
938 2349 1000 2432 μὲν
1030 2349 1169 2438 ἀδελφή,
1187 2372 1213 2412 ιο

149 2459 351 2546 Οὐεργινίου
379 2459 418 2523 ὑὲ
444 2461 546 2543 γυνη,
574 2456 752 2542 παρθένος
771 2463 959 2540 γαμηθεῖσα
981 2456 1046 2544 νέφ
1069 2457 1169 2542 ἀυὺρλ

147 2567 202 2633 καὶ
226 2566 267 2632 ού
288 2567 368 2648 μετὰ
388 2568 534 2642 πολλοὺς
551 2573 611 2630 τοῦ
630 2565 738 2648 γόμου
756 2572 898 2629 τεκοῦσα
915 2567 1070 2650 χρόνους·
1095 2566 1166 2631 οὔτ’

148 2676 178 2739 εί
200 2673 241 2738 τὰ
263 2673 404 2756 μάλιστα
426 2671 583 2756 ἐβούλετο
607 2671 704 2756 γένος
726 2669 904 2756 ἀλλότριον
927 2673 1056 2749 είςτὸυ
1080 2673 1168 2738 λόεον

149 2775 243 2846 οἷκον
266 2782 467 2865 εἰσαγαγεῖν,
495 2779 618 2864 δούλης
640 2779 816 2863 ἀλλοτρίας
843 2777 885 2844 ἂν
908 2778 1071 2863 ἐλάμβανε
1094 2801 1168 2843 παι-

150 2888 225 2953 ὑίον
251 2893 379 2971 μᾶλλον
405 2887 426 2972 ῆ
455 2888 495 2952 οὐ
523 2879 682 2970 γυναιτιὸς
709 2885 890 2970 ἐλευθέρας
916 2889 1004 2952 κατὰ·
1026 2885 1123 2970 γένος
1146 2885 1167 2968 ῆ
1187 2905 1212 2945 εο

150 2997 266 3078 φιλίαν
303 2987 394 3082 αύτῆ
423 2994 670 3080 προσηκούσης,
701 2989 779 3078 παρ’
810 2989 849 3077 ῆς
881 3003 1004 3070 πιστῶς
1029 3015 1071 3057 τε
1103 2992 1168 3074 ἅμα

221 3174 254 3222 18
269 3170 420 3235 τεύξονται
433 3168 481 3222 LV
494 3170 619 3234 τεύξεται
633 3168 756 3239 Sylburg
810 3175 843 3222 15
863 3167 1064 3238 ἴνα-βοηθοῖ
1075 3168 1167 3238 vulgo,

149 3240 199 3294 sed
217 3241 335 3310 βοηθεῖν
354 3240 376 3294 Ο
399 3239 447 3295 ἵνα
466 3240 519 3294 dol.
534 3239 677 3310 Kiessling
750 3246 783 3294 22
802 3241 851 3294 καί
871 3240 904 3294 ού
923 3238 991 3308 μετὰ
1008 3239 1167 3301 πολλοὺςὈ

148 3311 198 3365 καλ
216 3308 274 3378 μετ’
292 3312 325 3364 ού
343 3313 478 3373 πολλοὺςῖ
499 3313 534 3366 cf.
554 3313 619 3366 Aar.
639 3311 733 3382 Ptogr.
753 3329 780 3381 p.
797 3315 844 3378 193
864 3311 987 3365 Sintenis
1005 3309 1066 3365 Em.
1086 3311 1167 3365 Dion.

148 3381 239 3435 11111
303 3387 337 3434 2³
359 3382 395 3436 τὰ
419 3385 485 3438 ante
509 3382 627 3452 μάλιστα
649 3400 703 3438 om.
726 3383 748 3438 Ο
771 3383 928 3452 praetorL
990 3388 1025 3436 24
1050 3381 1168 3450 ἀνελάμ-

148 3455 217 3525 βανε
236 3451 259 3507 Ο
279 3469 348 3506 corr.
362 3454 466 3508 Reiske
