2656 3932
161 212 225 278 132
576 241 609 250 -
646 214 687 264 Μ
724 240 758 250 -·

158 334 348 422 πραΰνουσι
383 337 441 414 τὰς
475 345 543 402 τῶν
578 334 786 422 ἠδικημένων
817 333 933 421 όργάς,
969 336 1002 402 οί
1037 334 1099 418 μὲν
1131 336 1179 413 είς
1190 351 1265 402 2186

159 445 278 510 ἀνοιαν
316 444 446 528 ἡλικίας
484 443 765 528 καταφεύγοντες,
805 443 838 508 οί
874 442 906 507 δ’
937 443 985 522 είς
1019 452 1180 528 πονηρῶν

159 551 351 636 ἀνθρώπων
374 549 517 634 ὁμιλίας,
545 550 578 616 οί
601 547 633 614 δ’
650 551 697 628 είς
719 548 862 634 μέγεθος
885 548 1002 634 ἀρχῆς,
1025 550 1059 616 οί
1080 549 1114 614 δ’
1131 550 1180 628 είς

158 659 219 742 την
247 657 394 736 ἅπαντας
421 660 601 722 πλανῶσαν
628 660 707 734 τοὺς
737 655 976 742 ἀνθρωπίνους
999 658 1179 741 λογισμοὺς

117 741 271 870 ’ξτύχηιι
325 761 389 848 ἐγώ
426 778 480 830 σοι
514 769 574 848 τῆς
605 762 709 850 ἀρχῆς
741 763 923 832 ἀποστάντι
953 763 1180 850 ὑπισχνοῦμαι

158 871 293 938 πάντῶν
328 871 514 956 ἀμνηστίαν
549 868 709 956 ὑπάρξειν
745 881 813 937 τῶν
847 869 1088 956 ἡμαρτημένων
1122 869 1180 954 καί

158 979 337 1063 διαλλαγὰς
359 979 443 1064 πρὸς
464 978 525 1044 τὸν
547 978 656 1062 δῆμον
678 977 723 1055 ὡς
744 975 783 1044 ἐν
805 986 919 1054 κακοίς
941 975 1123 1061 εύπρεπείς.

228 1082 315 1150 ΧΙΠ.
336 1083 433 1152 Ἀλλά
456 1084 604 1169 δέδοικα,
626 1087 671 1171 μὴ
693 1083 862 1172 πρόφασις
884 1084 946 1168 μδν
969 1084 1030 1151 οὐκ
1049 1083 1179 1167 ἀληθὴς

158 1191 176 1258 ὁ
212 1192 371 1270 κίνδυνος
409 1183 433 1284 ᾖ
468 1201 528 1258 τοῦ
569 1194 613 1278 μὴ
654 1201 864 1279 παραχωρεῖν
899 1198 958 1277 τῆς
995 1193 1098 1277 ἀρχῆς
1134 1227 1179 1236 -

114 1323 140 1363 ιο
157 1300 289 1386 μυρίοις
317 1307 403 1382 γοῦν
431 1296 557 1385 ὑπῆρξε
586 1299 788 1386 τυραννίδας
820 1298 1041 1382 ἀποθεμένοις
1073 1297 1179 1383 μηδὲν

158 1407 272 1473 δεινὸν
302 1403 368 1472 ἀπὸ
400 1416 468 1472 τῶν
499 1410 645 1472 πολιτῶν
676 1413 801 1473 παθείυ
833 1444 887 1491 -,
917 1407 952 1472 αλ
984 1407 1016 1471 δ’
1040 1407 1179 1490 ἀληθείς

157 1509 241 1580 ὦσιν
273 1515 375 1580 αίτίαι
407 1514 578 1599 φιλοτιμία
609 1514 688 1598 κενὴ
720 1515 782 1599 την
814 1515 927 1579 είκόνα
955 1514 1029 1599 [τοῦ
1059 1511 1177 1596 καλοῦ]

157 1627 215 1706 τῆς
247 1617 345 1705 δόξης
375 1621 543 1688 διώκουσα
565 1620 620 1686 καί
642 1621 751 1698 πόθος
771 1621 906 1706 ἡδονῶν
929 1620 1106 1706 ὀλεθρίων,
1139 1617 1177 1696 ἀς

118 1729 191 1794 201
226 1727 420 1812 τυραννικοί
457 1725 598 1812 φέρουσι
634 1729 712 1811 βίοι.
771 1729 801 1792 εί
837 1727 875 1792 δὲ
911 1729 1027 1810 βούλει
1062 1727 1105 1811 μὴ
1137 1727 1178 1791 τά

114 1856 139 1896 σε
158 1833 279 1900 εἴδωλα
307 1833 363 1899 καί
392 1833 450 1910 τάς
479 1836 572 1911 σκιάς
601 1845 669 1900 τῶν
695 1844 799 1918 τιμῶν
825 1835 881 1900 καί
904 1845 972 1900 τῶν
994 1833 1260 1919 εύημεριῶνειθι

158 1941 302 2024 διώκειν,
338 1940 412 2006 ἀλλ’
437 1940 539 2017 αὐτὰς
570 1947 783 2026 καρποῦσθαι
814 1942 872 2018 τὰς
903 1942 1043 2026 ἀληθείς
1073 1940 1178 2023 τιμάς,

157 2048 284 2126 ἀπόδος
329 2047 390 2132 την
435 2046 690 2133 ἀριστοκρατίαν
731 2056 771 2134 τῇ
812 2049 947 2135 πατρίδι
987 2047 1043 2114 καί
1083 2047 1178 2130 τιμάς

158 2157 304 2240 λάμβανε
326 2155 415 2241 παρά
437 2165 505 2220 τῶν
528 2153 611 2220 ἴσων
633 2154 688 2220 καί
711 2156 810 2239 ζήλου
833 2155 976 2239 τύγχανε
998 2155 1088 2241 παρά
1110 2164 1178 2219 τῶν

157 2261 419 2348 ἐπιγιγνομένων
447 2262 503 2328 καί
533 2260 627 2339 κλέος
657 2260 830 2328 ἀθάνατον
857 2260 932 2328 ἀντί
960 2270 1019 2328 τοῦ
1046 2267 1177 2345 θνητοῦ

113 2389 140 2431 εο
158 2371 307 2452 σώματος
346 2369 503 2436 κατάλιπε
544 2378 613 2446 τοίς
654 2365 814 2452 ἐγγόνοις.
873 2364 970 2435 αὗται
1010 2369 1074 2455 γάρ
1113 2369 1178 2434 είσι

157 2475 286 2559 βέβαιοι
308 2476 364 2542 καί
387 2477 525 2560 ἀληθείς
547 2475 638 2559 τιμαί
659 2476 714 2541 καί
735 2474 953 2562 ἀναφαίρετοι
971 2475 1181 2562 χαριέστατοί

118 2583 139 2648 3
157 2605 192 2647 τε
219 2582 274 2647 καί
298 2580 541 2666 ἀμεταμέλητοι.
586 2581 687 2667 τρέφε
709 2583 771 2667 τὴν
793 2585 905 2669 ψυχὴν
928 2581 983 2650 ἐπί
1005 2592 1075 2660 τοίς
1098 2583 1177 2667 ἀγα-

157 2695 235 2767 θοίς
261 2694 321 2772 τῆς
347 2689 506 2773 πατρίδος
531 2685 709 2773 ἡδόμενος,
739 2682 787 2758 ὧν
810 2691 872 2756 οὐκ
901 2689 1054 2774 ἐλαχίστη
1077 2699 1178 2776 μολρα

158 2792 265 2874 δόξεις
284 2793 458 2879 γεγονέναι
477 2796 676 2862 δυναστείαν
690 2797 829 2880 βαρεῖαν
843 2794 945 2880 αὐτῆς
963 2795 1176 2882 ἀφελόμενος.

228 3038 499 3110 λάνθροτίνουςθ
519 3041 549 3096 in
563 3041 589 3095 V
603 3058 688 3110 supra
702 3042 838 3111 scriptum
853 3045 896 3097 ent
910 3040 1025 3105 ἀνίσους
1076 3048 1110 3097 10
1124 3039 1176 3097 σύν

157 3112 236 3166 LVM
297 3119 329 3167 11
349 3112 400 3168 ἐάν
419 3112 450 3168 δὲ
470 3112 492 3168 0
511 3112 543 3167 αλ
561 3112 592 3168 δὲ
611 3113 711 3168 Portus
774 3119 807 3168 12
825 3121 874 3168 τοῦ
893 3116 980 3169 καλοῦ
1000 3113 1053 3169 del.
1074 3114 1177 3169 (δεεσσε

158 3182 222 3238 Oba.
241 3201 269 3252 p.
285 3191 318 3239 67
383 3189 417 3240 18
435 3192 485 3254 τῆς
503 3181 587 3254 δόξης
605 3184 681 3239 delet
700 3183 788 3240 Cobet
806 3184 871 3239 obs.
890 3203 918 3255 p.
933 3190 985 3240 205
1051 3191 1083 3240 15
1103 3185 1176 3240 κατά

158 3253 238 3318 σκιάς
252 3254 277 3307 V
295 3255 344 3310 καλ
361 3255 412 3318 τάς
431 3253 543 3318 σκοτίας
560 3255 590 3310 Μ
610 3253 796 3319 κατασκοτίας
813 3256 835 3310 L
855 3258 883 3311 et
901 3257 962 3311 eod.
977 3255 1039 3311 ΕΗ).
1059 3257 1108 3311 καί
1125 3257 1176 3319 τάς

158 3325 238 3388 σκιὰς
256 3325 378 3397 sylburg
403 3328 406 3399 χ
433 3328 593 3397 *εόηθειῶν
613 3327 635 3382 0
659 3328 820 3382 εὐπαθειῶν
838 3327 942 3382 Reiske
965 3329 1095 3384 εάκλειῶν
1115 3327 1175 3396 syl-

157 3396 230 3467 burg
252 3397 405 3466 εάημεριῶν
428 3414 443 3452 e
464 3415 480 3452 0
558 3405 591 3453 21
610 3396 717 3469 χαρίεις
734 3418 763 3453 τε
782 3398 873 3453 nalo
914 3396 1007 3467 ἀριτός
1024 3419 1053 3454 τε
1071 3399 1176 3454 Reiske

158 3465 333 3538 χαριέστατοί
350 3485 379 3523 τε
399 3416 521 3540 8χ1ἀως
592 3475 625 3524 22
646 3466 745 3539 στρέφε
765 3467 787 3524 0
807 3486 876 3525 corr.
891 3419 996 3525 δείελεο
