2654 3916
146 195 213 260 332
574 197 742 247 -K-

147 317 299 386 ἐκπεσεῖν
322 319 426 386 αὐτοῦ
454 322 533 397 τοὺς
561 323 697 397 πλείους
724 316 865 398 ὀδόντας
887 321 943 386 καλ
965 326 1097 405 πλῆθος
1120 323 1170 388 αἴ-

106 427 248 510 2ματος
274 424 311 492 ἐκ
337 435 398 492 τοῦ
426 423 587 510 στόματος
615 425 789 514 φέρεσθαι.
839 427 1019 513 ταραχθεὶς
1048 427 1086 493 δέ
1113 429 1170 494 διά

146 536 209 620 την
231 533 312 615 δύιν
329 534 385 600 καί
406 534 554 620 μεγάλην
572 531 710 600 ἔσεσθαι
728 535 908 619 συμφοράν
925 531 1170 618 μαντευόμενος

147 679 191 688 -
203 641 268 726 ἤδη
286 641 351 728 γὰρ
370 641 460 728 αὐτῷ
478 641 535 707 καί
552 641 716 728 πρότερον
731 641 889 726 τοιαύτην
908 641 988 722 όψιν
1007 640 1169 708 ἐνυπνίου

116 747 343 836 ιθεασαμένῳ
374 749 468 833 δεινή
495 770 546 826 τις
572 747 697 832 συνέβη
726 747 914 831 δυσποτμία
940 786 985 794 -
1013 746 1169 832 ἐβούλετο

146 853 209 938 μὲν
235 853 384 940 ἐπισχεῖν
411 855 473 939 τὴν
498 854 625 940 ἡμέραν
653 853 795 939 ἐκείνην,
823 854 885 921 οὐκ
912 853 1028 940 ίσχυσε
1056 855 1094 920 δέ
1121 880 1171 921 νι*

146 971 245 1046 κησαι
264 964 327 1047 τὴν
345 961 565 1047 πεπρωμένην
583 959 850 1045 ἐναντιουμένων
867 971 935 1028 τῶν
954 964 1064 1048 φίλων
1087 965 1171 1049 πρὸς

147 1069 209 1154 τὴν
241 1065 412 1153 ἀναβολὴν
443 1069 498 1134 καί
530 1070 574 1152 μὴ
606 1075 761 1151 μεθεῖναι
792 1070 852 1134 τὸν
884 1070 1002 1156 καιρὸν
1034 1068 1070 1136 ἐκ
1102 1081 1170 1136 τῶν

147 1185 268 1262 χειρῶν
293 1172 487 1254 ἀξιούντων.
526 1175 625 1242 Vales.
661 1175 771 1242 Λιμόν.

103 1256 129 1384 1¹⁹3
218 1280 292 1370 (14)
312 1281 524 1366 Ἀναβάντων
547 1281 585 1347 δέ
607 1291 675 1347 τῶν
698 1285 763 1348 σύν
783 1293 829 1371 τῷ
848 1284 976 1372 Πύρρῳ
999 1285 1170 1368 μετὰτῶν

148 1387 339 1476 ἐλεφάντων
371 1389 532 1474 αίσβησιν
564 1390 597 1454 οί
625 1386 776 1472 Ῥωμαῖοι
812 1389 971 1474 λαβόντες
1007 1393 1171 1475 σκυμνίον

147 1495 328 1583 ἐλέφαντος
350 1497 602 1582 τιτρώσκουσιν,
627 1495 645 1561 ὃ
669 1498 798 1582 πολλὴν
822 1496 986 1581 ἀκοσμίαν
1009 1507 1079 1576 τοῖς
1094 1495 1170 1565 Ἕλ-

148 1610 245 1689 λησιν
273 1602 445 1687 ἐνεποίησε
472 1604 528 1670 καί
556 1607 683 1689 φυγήν·
713 1605 747 1669 οί
776 1604 814 1670 δέ
837 1602 988 1688 Ῥωμαῖοι
1016 1605 1079 1670 δύο
1108 1605 1171 1689 μέν

148 1709 330 1797 ἐλεφάντας
354 1707 620 1794 ἀποκτείνουσιν,
648 1711 733 1776 ὀκτὼ
761 1711 799 1777 δέ
826 1714 1098 1792 κατακλείσαντες
1123 1715 1170 1790 είς

103 1837 129 1877 ιι
147 1818 271 1902 χωρίον
302 1814 461 1894 ἀνέξοδον
491 1813 712 1902 παραδόντων
742 1829 809 1883 τῶν
839 1816 891 1884 ἐπ’
915 1819 1029 1898 αὐτοῖς
1053 1819 1170 1886 Ἰνδῶν

147 1927 270 2003 ζῶντας
301 1923 615 2010 παραλαμβάνουσι,
649 1933 717 1990 τῶν
749 1924 787 1990 δέ
820 1936 1031 2011 στρατιωτῶν
1061 1929 1170 1994 πολύν

148 2031 257 2117 μόνον
279 2029 480 2118 ἐργάζονται.
522 2031 633 2096 Λαιόν.

104 2145 149 2182 f
218 2137 306 2204 XIII.
330 2136 453 2226 (20,1)
479 2135 514 2203 Ὁ
542 2137 669 2215 ὕπατος
701 2140 882 2224 Φαβρίκιος
911 2141 1046 2226 τιμητὴς
1075 2137 1170 2225 μενό-

146 2269 247 2330 μενος
269 2246 377 2331 ἀνδρα
400 2244 479 2310 δυσί
505 2245 567 2327 μέν
589 2245 776 2330 ὑπατείαις,
803 2251 862 2333 μιᾷ
889 2245 927 2312 δέ
954 2247 1171 2337 δικτατωρείηι

103 2374 130 2414 το
147 2351 404 2438 κεκοσμημένον,
423 2353 578 2418 Πόπλιον
596 2355 789 2438 Κορνήλιον
804 2349 992 2438 Ῥουφῖνον,
1016 2353 1171 2439 ἐξέβαλεν

148 2457 184 2525 ἐκ
206 2469 267 2526 τοῦ
291 2459 471 2544 συνεδρίου
494 2469 552 2544 τῆς
574 2462 709 2543 βουλῆς,
733 2459 784 2525 ὅτι
806 2469 937 2546 πρῶτος
955 2459 992 2526 ἐν
1011 2463 1169 2548 ἀργυρῶν

148 2564 349 2648 ἐκπωμάτων
367 2575 552 2652 κατασκευῇ
576 2567 758 2650 πολυτελὴς
782 2563 874 2644 ἔδοξε
896 2566 1066 2652 γενέσθαι,
1089 2567 1169 2633 δέκα

148 2675 261 2759 λίτρας
291 2671 492 2761 ἐκπωμάτων
521 2673 737 2758 κτησάμενος·
768 2668 865 2739 αὗται
895 2670 925 2739 δ’
951 2675 1042 2756 εἰσίν
1067 2673 1168 2761 ὀλίγῳ

148 2782 283 2858 πλείους
306 2779 391 2846 ὀκτὼ
414 2789 508 2863 μνῶν
526 2779 691 2846 Ἀττικῶν.
733 2780 842 2846 Ανιδν.

103 2859 144 2989 ξ
220 2885 270 2974 (2)
294 2886 469 2972 Ἀθηναῖοι
498 2886 559 2970 μὲν
589 2884 688 2970 δόξης
717 2883 846 2972 ἔτυχον,
876 2887 928 2953 ὅτι
956 2888 1034 2963 τοὺς
1062 2886 1170 2974 βριθύ-

147 3018 232 3077 μους
253 2995 309 3060 καί
332 2993 457 3080 ἀργοὺς
478 2994 534 3060 καί
556 2993 661 3078 μηδὲν
684 2991 938 3078 έπιτηδεύοντας
965 3002 1033 3058 τῶν
1055 2995 1169 3079 χρησί-

147 3126 220 3184 μων
238 3102 282 3178 ὡς
306 3101 504 3178 ἀδικοῦντας
525 3102 563 3166 τὸ
585 3101 702 3166 κοινὸν
724 3098 889 3184 ἐζημίουν,
912 3100 1170 3182 Λακεδαιμόνιοι

148 3206 196 3292 δέ,
220 3207 271 3273 ὅτι
291 3218 361 3285 τοῖς
381 3207 619 3293 πρεσβυτάτοις
642 3205 823 3292 ἐπέτρεπον
840 3209 919 3285 τοὺς
942 3205 1170 3292 ἀκοσμοῦντας

148 3389 235 3508 Ab1
254 3383 320 3446 τοδς
338 3382 392 3438 del.
407 3382 511 3438 Reiske
574 3380 745 3438 λένυπνίον
763 3381 897 3447 Ambr.Q
966 3389 1000 3439 26
1019 3381 1048 3438 κ’
1066 3382 1169 3452 ἀργούς

173 3470 244 3508 mr.
