2656 3932
148 211 212 278 102
574 214 730 264 -Ι-

146 339 238 425 δήμῳ
257 339 402 414 πολλοὺς
419 335 577 413 ἐπαίνους
595 346 653 422 τῆς
671 339 795 422 βουλῆς
812 337 867 402 καί
885 345 944 402 τοῦ
959 341 1070 423 <προ>
1084 336 1166 402 θέν-

145 468 201 522 τος
231 446 292 528 τὴν
321 444 458 529 γνώμην
476 440 616 509 Ἀππίου
644 436 832 529 διεξῆλθον.
876 441 948 508 ἐπεὶ
971 443 1009 509 δέ
1030 443 1166 510 κατέλα-

145 555 206 635 βεν
229 550 247 616 ὁ
270 561 338 616 τῶν
361 550 580 636 ἀρχαιρεσίων
602 549 730 634 καιρός,
757 547 933 635 ἐκκλησίαν
956 547 1166 635 συναγαγόν-

145 681 197 736 τες
225 659 258 723 οί
285 658 447 743 δήμαρχοι
474 658 552 734 τούς
573 655 602 721 τ’
620 652 880 742 ἀποδειχθέντας
901 654 1050 734 ὑπάτους
1071 658 1166 742 ἥκειν

115 763 267 848 εηξίουν
293 763 544 848 έμπεδύσοντας
575 771 621 852 τῷ
653 764 745 851 δήμῳ
777 765 835 841 τάς
866 763 1075 849 ὑποσχέσεις,
1107 761 1166 830 κά-

106 873 250 938 2κελνοτ
272 868 499 957 παρελθόντες
522 866 729 953 ἐξωμόσαντο
752 871 811 948 τὰς
827 868 993 948 ὑπατείας.
1024 870 1166 948 τούτους

145 979 164 1045 ὁ
187 980 290 1063 δῆμος
313 977 459 1044 ἐπαινῶν
476 1000 512 1043 τε
530 977 586 1042 καί
603 976 784 1059 θαυμάζων
803 975 955 1061 διετέλει,
976 977 1033 1043 καὶ
1050 976 1165 1062 ἐπειδὴ

145 1090 224 1163 τοὺς
251 1083 437 1167 νομοθέτας
464 1093 681 1169 ψηφοφορελν
703 1081 772 1150 ’ἔδει
795 1085 947 1170 πρώτους
970 1085 1075 1150 εἵλετο
1097 1095 1166 1150 τῶν

145 1194 267 1258 ἀλλων·
304 1192 360 1257 καί
397 1187 645 1276 ἀπεδείχθησαν
681 1189 719 1256 ἐν
755 1187 979 1278 ἀρχαιρεσίαις
1010 1188 1076 1257 ὑπὸ
1107 1200 1165 1275 τῆς

102 1321 127 1360 ιο
147 1299 310 1384 λοχίτιδος
341 1297 514 1383 ἐκκλησίας
528 1295 670 1374 ’Ἇππιος
697 1298 759 1380 μὲν
789 1288 959 1375 Κλαύδιος
987 1299 1044 1364 καὶ
1071 1300 1166 1376 Ίίτος

146 1408 320 1490 Γενύκιος,
344 1405 403 1483 οὓς
425 1403 495 1472 ἐ’δει
509 1406 600 1484 (είς)
614 1405 755 1470 τούπιὸν
778 1406 893 1490 ἀρχειν
909 1402 998 1489 ἐ’τος,
1012 1403 1167 1483 Πόπλιος

145 1515 183 1580 δὲ
210 1517 354 1598 Σιόστιος
384 1512 401 1578 ὁ
432 1514 492 1578 τὸν
521 1510 677 1578 ἐνιαυτὸν
704 1509 833 1577 ἐκεῖνον
861 1511 1048 1596 ὑπατεύων,
1077 1522 1167 1598 τρείς

145 1620 183 1685 δὲ
214 1621 247 1685 ολ
278 1622 473 1702 κομίσαντες
504 1620 593 1704 παρὰ
624 1629 692 1684 τῶν
720 1617 889 1702 Ἑλλήνων
920 1611 999 1696 τοὺς
1030 1621 1166 1703 νόμους,

144 1728 294 1810 Σπόριος
317 1728 504 1808 Ποστόμιος
526 1726 582 1790 καλ
604 1726 768 1811 Σερούιος
780 1727 961 1803 Σολπίκιος
983 1721 1167 1804 καλΑὑλος

101 1853 125 1893 ιε
144 1833 312 1916 Μάλλιος,
342 1825 389 1910 εἷς
418 1832 457 1898 δὲ
484 1843 552 1898 τῶν
581 1832 840 1898 ὑπατευσάντων
866 1833 927 1899 τὸν
952 1835 1251 1919 παρελθόντατιεκ

145 1937 300 2005 ἐνιαυτὸν
334 1941 429 2016 Τίτος
454 1937 634 2023 Ῥωμίλιος,
665 1938 683 2004 ὁ
712 1941 774 2024 τὴν
804 1937 841 2004 έν
870 1951 915 2026 τῷ
946 1941 1038 2028 δημμ
1068 1941 1167 2025 δίκην

145 2049 285 2112 Σικκίου
313 2049 601 2132 κατηγορήσαντος
623 2045 739 2129 ἀλούς,
767 2044 880 2130 ἐπειδὴ
903 2047 1036 2131 γνώμης
1058 2045 1168 2113 ἐδόκει

145 2151 240 2238 ἀρξαι
270 2154 459 2238 δημοτικῆς·
490 2151 526 2220 ἐκ
556 2153 594 2219 δὲ
619 2164 688 2219 τῶν
718 2153 829 2218 ἀλλων
851 2155 1043 2235 βουλευτῶν
1067 2154 1168 2232 Γάιος

141 2257 280 2337 Ἰούλιος
310 2260 366 2325 καὶ
398 2262 492 2338 Τίτος
522 2260 724 2342 Οὐετούριος
750 2259 806 2324 καλ
833 2260 984 2337 Πόπλιος
1009 2257 1167 2346 Ὁράτιος,

101 2387 126 2427 εο
145 2367 287 2444 ἀπαντες
309 2367 475 2432 ὑπατικοί·
499 2368 534 2432 αλ
557 2367 595 2433 δὲ
620 2377 687 2432 τῶν
710 2365 887 2450 δημάρχων
909 2388 945 2430 τε
967 2366 1023 2431 καί
1046 2366 1167 2451 ἀγορα-

144 2475 258 2555 νόμων
288 2474 344 2538 καλ
375 2485 501 2555 ταμιῶν
532 2474 588 2539 καί
619 2474 651 2539 εί
680 2496 769 2550 τινες
796 2468 883 2555 ἦσαν
910 2471 1007 2538 ἀλλαι
1033 2473 1167 2557 πάτριοι

142 2577 310 2662 Ῥωμαίοις
332 2579 430 2665 ἀρχαί
452 2582 694 2664 κατελύθησαν.

217 2684 315 2750 LVII.
351 2691 403 2772 Τῷ
427 2686 457 2750 δ’
475 2685 548 2770 ἑξῆς
571 2683 636 2751 ἔτει
659 2688 907 2772 παραλαβόντες
929 2687 963 2752 ολ
984 2686 1168 2769 νομοθέται

145 2794 186 2858 τά
208 2792 382 2878 πράγματα
405 2795 571 2870 πολιτείας
592 2795 719 2875 κόσμον
736 2793 867 2859 τοιόνδε
889 2794 965 2858 τινὰ
985 2795 1167 2860 καθίσταν-

102 2920 128 2960 εε
146 2920 211 2965 ται·
249 2891 296 2977 είς
332 2897 394 2982 μὲν
429 2899 541 2964 αὐτῶν
572 2899 630 2976 τάς
661 2922 697 2965 τε
729 2899 874 2986 ῥάβδους
904 2900 961 2965 καὶ
992 2901 1033 2965 τά
1067 2903 1167 2966 λοιπά

147 3007 323 3092 παράσημα
350 3017 408 3092 τῆς
436 3006 596 3092 ὑπατικης
619 3001 707 3092 εἶχεν
730 3004 894 3090 ἐξουσίας,
921 3006 958 3083 δς
981 3010 1109 3093 βουλήν
1131 3031 1168 3073 τε

221 3190 234 3237 1
254 3181 356 3246 θέντος
380 3183 402 3239 0
428 3179 586 3251 προθέντος
607 3181 750 3254 Kiessling
826 3189 842 3236 2
865 3179 1043 3255 κα<τέλαβεν
1062 3181 1100 3255 δ>
1120 3183 1167 3236 Bb

148 3254 179 3308 in
197 3270 251 3309 ras.
325 3261 359 3310 10
381 3252 456 3317 τίτος
478 3255 587 3316 λεόκιος
608 3255 736 3323 χενύκιος
754 3255 806 3309 ΑΒ
881 3261 913 3307 11
933 3254 974 3316 εἰς
994 3253 1059 3308 add.
1079 3248 1169 3309 Cobet

150 3325 215 3381 obs.
231 3329 340 3453 &2²⁰⁰
371 3327 374 3398 λ
405 3323 437 3380 τδ
463 3322 543 3380 έπιὺν
566 3325 589 3378 Β
672 3332 704 3379 12
730 3334 804 3393 τρεῖς
827 3345 856 3379 τε
880 3325 903 3380 Ο
932 3341 1000 3380 corr.
1025 3325 1169 3396 Kiossling

151 3403 185 3452 14
209 3416 230 3452 π
285 3415 327 3460 ιος
351 3394 500 3465 ποστόμιος
520 3396 573 3449 ΑΒ
599 3395 633 3450 cf.
656 3412 678 3450 ο.
701 3395 809 3468 σλλίλλ
844 3394 996 3464 σεροοίλιος
1018 3396 1071 3450 AB
1098 3413 1167 3452 οοιτ.

150 3469 272 3538 Sylburg
344 3473 378 3521 20
397 3467 428 3521 αἱ
446 3470 470 3519 Α
492 3467 551 3536 ηΒ
1065 3495 1066 3501 =
