2662 3920
590 221 745 270 ..1-
1156 215 1177 281 5

156 346 277 430 μικράν
306 344 419 422 αὐτοίς
445 353 602 430 παρεῖχεν
630 343 782 429 ἀπορίαν.
828 344 861 408 οἱ
888 343 1035 427 μὲνγὰρ
1058 341 1217 408 ύπατοι2

155 453 212 518 καί
235 454 268 518 ολ
290 463 348 537 τῆς
370 455 495 536 βουλῆς
517 461 721 538 προεστῶτες
742 452 821 527 τοὺς
844 448 1061 536 εἰσφέροντας
1080 452 1179 515 καινά

42 577 48 584 ·
156 558 378 642 πολιτεύματα
408 558 597 644 δημάρχους
626 557 682 623 καί
711 556 888 624 καταλύειν
918 553 1093 634 ἀξιοῦντας
1119 560 1178 622 τὸν

155 667 297 752 πάτριον
323 676 382 751 τῆς
408 667 575 744 πολιτείας
601 667 727 747 κόσμον
755 665 882 741 αἰτίους
909 662 1098 748 ἀπέφαινον
1120 674 1178 749 τῆς

155 782 306 858 ταραχῆς.
361 774 395 838 οἰ
431 773 469 838 δέ
497 773 668 859 ’δήμαρχοι
704 780 792 856 σφᾶς
828 770 889 852 μέν
922 769 1045 848 αὐτοὺς
1076 771 1178 837 οὐδέν
1210 796 1221 836 ε

156 879 272 965 ἔλεγον
309 878 446 959 ἀνάξων
482 881 567 966 δρᾶν
604 880 681 945 οὔτε
717 879 835 944 ἀδικον
871 878 949 944 οὔτε
980 877 1179 966 ἀσύμφορον

157 988 317 1071 εὐνομίαν
335 987 482 1072 εἰσάγειν
504 987 732 1070 βουλομένους
753 986 810 1051 καί
834 986 1022 1071 ἰσηγορίαν·
1044 989 1123 1064 τοὺς
1141 987 1180 1053 δὲ

155 1095 303 1172 ὑπάτους
344 1095 399 1160 καί
439 1097 519 1172 τοὺς
554 1095 748 1180 πατρικίους
784 1093 911 1169 αἰτίους
948 1088 1086 1159 ἔσεσθαι
1121 1105 1180 1179 τῆς

156 1202 300 1279 στάσεως
327 1199 443 1286 ἔλεγον
471 1201 614 1284 ἀνομίαν
641 1199 803 1278 αὔξοντας
829 1199 885 1264 καί
906 1197 1102 1278 πλεονεξίαν
1124 1203 1180 1268 καί

156 1313 335 1393 ζηλοῦντας
365 1311 406 1374 τά
435 1320 503 1374 τῶν
532 1308 708 1393 τυράννων
736 1303 808 1391 ἔθη.
860 1315 964 1372 ταῦτα
990 1307 1046 1372 καί
1072 1275 1224 1403 πολλάῖζ)

155 1417 287 1492 τούτοις
314 1416 411 1502 ὅμοια
437 1413 515 1500 παρ’
542 1413 706 1500 ἑκατέρων
733 1412 789 1480 έπί
815 1414 940 1490 πολλάς
965 1413 1089 1499 ἡμέρας
1111 1413 1180 1481 έλέ-

156 1546 247 1606 γετο,
277 1523 333 1588 καί
362 1523 546 1607 προύβαινε
574 1521 630 1587 διδ
657 1532 755 1606 κενῆς
783 1520 801 1586 ὁ
828 1522 962 1606 χρόνος·
990 1518 1028 1586 ἔν
1057 1513 1086 1609 ᾦ
1111 1533 1179 1588 τῶν

156 1631 238 1694 κατδι
274 1630 336 1714 την
372 1631 472 1695 πόλιν
508 1630 585 1694 ούτε
622 1629 792 1714 δημοσίων
828 1628 906 1693 ούτε
946 1628 1041 1693 ἰδίων
1078 1627 1179 1712 οὐδέν

77 1751 146 1801 1989
157 1735 306 1802 έτελελτο.
352 1737 397 1814 ὡς
424 1735 455 1802 δ’
481 1737 584 1802 οὐδὲν
607 1734 735 1820 ἐγίνετο
763 1745 830 1801 τῶν
853 1735 1042 1821 προύργου,
1070 1737 1180 1820 λόγων

156 1843 218 1926 μὲν
245 1841 382 1909 ἐκείνων
412 1843 468 1908 καί
497 1853 716 1929 κατηγοριῶν,
743 1842 783 1919 ἀς
810 1841 985 1908 ἐποιοῦντο
1013 1843 1095 1908 κατά
1122 1852 1180 1926 της
1198 1864 1223 1904 ιε

157 1954 296 2036 βουλῆς,
327 1951 360 2016 οἱ
383 1951 546 2036 δήμαρχοι
569 1951 771 2034 ἀπέστησαν·
802 1951 1048 2033 συναγαγόντες
1076 1949 1114 2014 δὲ
1141 1951 1178 2016 τὸ

156 2063 286 2142 πλῆθος
313 2059 361 2134 εἰς
387 2059 449 2142 τὴν
472 2056 649 2142 ἐκκλησίαν
676 2057 930 2144 ὑπέσχοντοτβ
958 2056 1050 2143 δημςο
1073 2057 1179 2138 νόμον

157 2166 314 2247 εἰσοίσειν
336 2163 421 2248 ὑπὲρ
448 2158 496 2229 ὧν
517 2163 643 2248 ἠξίουν.
690 2162 926 2240 ἐπαινέσαντος
953 2162 991 2228 δὲ
1016 2171 1075 2228 τοῦ
1098 2165 1219 2248 πλη-4

155 2278 242 2348 θους
273 2272 334 2336 τὸν
367 2272 468 2354 λόγον
500 2270 602 2336 οὐδὲν
634 2268 683 2336 ἔτι
715 2270 959 2352 ἀναβαλόμενοι
987 2270 1048 2335 τὸν
1075 2291 1180 2356 παρα-

157 2377 386 2443 σκευασθέντα
423 2379 529 2460 νόμυν
561 2377 769 2461 ἀνέγνωσαν·
806 2375 970 2461 κεφάλαια
1006 2375 1044 2441 δὲ
1075 2376 1178 2442 αὐτοῦ
1197 2397 1223 2436 ιο

156 2485 234 2549 τάδε
274 2481 331 2568 ἦν·
373 2485 498 2569 ἄνδρας
539 2485 718 2568 αἱρεθῆναι
756 2482 836 2549 δέκα
868 2481 937 2548 ύπδ
973 2492 1034 2550 τοῦ
1071 2485 1178 2568 δήμου

156 2593 381 2675 συναχθείσης
418 2590 541 2676 ἀγορᾶς
576 2589 721 2672 ἐννόμου
753 2593 833 2668 τοὺς
864 2590 1113 2677 πρεσβυτάτους
1143 2614 1179 2656 τε

155 2699 211 2764 καί
234 2698 522 2784 φρονιμωτάτους,
546 2690 597 2775 οίς
618 2696 689 2764 ἔστι
711 2700 848 2782 πλείστη
872 2699 1014 2783 πρόνοια
1031 2706 1127 2782 τιμῆς
1143 2720 1179 2762 τε

155 2807 211 2872 καί
247 2804 346 2890 δόξης
382 2805 524 2890 ἀγαθῆς·
561 2806 701 2882 τούτους
737 2805 775 2870 δὲ
811 2804 1068 2890 συγγράψαντας
1100 2808 1178 2882 τοὺς

156 2913 240 2998 ὑπέρ
268 2913 425 2978 ἁπάντων
452 2915 577 2996 νόμους
604 2923 671 2978 τῶν
697 2935 733 2976 τε
760 2923 884 2978 κοινῶν
909 2911 964 2977 καί
991 2922 1059 2977 τῶν
1083 2911 1179 2977 ἰδίων
1196 2929 1223 2970 2⁵

229 3095 245 3143 6
264 3088 358 3159 ἔλεγον
378 3087 495 3154 ἀνάξιον
514 3091 586 3156 δρᾶν
605 3085 668 3142 ούτε
687 3085 789 3141 ἄδικον
804 3087 829 3140 Α
847 3085 941 3157 ἔλεγον
960 3087 1058 3153 ἀξιοῦν
1078 3085 1177 3141 οάτεΒ

158 3166 172 3213 7
192 3160 339 3232 εὐνομίαν]
359 3157 506 3229 ἰσονομίαν
529 3177 552 3214 ο.
573 3158 662 3214 Cobet
680 3157 746 3212 Obs.
764 3177 792 3226 p.
804 3162 855 3212 186
920 3163 937 3212 8
955 3157 1082 3230 ἔσεσθαι]
1102 3155 1178 3228 γενέ-

158 3235 227 3286 σθαι
246 3249 268 3298 ο.
284 3231 427 3300 Kiessling
489 3235 522 3284 10
541 3229 596 3299 ἔθη
616 3230 638 3285 0
662 3229 721 3300 ἤθη
741 3228 863 3299 Sylburg
923 3235 956 3283 13
976 3229 1038 3284 οὔτε
1058 3227 1178 3304 δημοσίᾳ

157 3302 219 3358 ούτε
239 3300 300 3377 ἰδίᾳ
319 3319 342 3358 ο.
358 3301 446 3358 Cobet
463 3301 527 3367 Obs.
547 3320 575 3372 p.
592 3307 643 3356 186
662 3300 725 3355 ούτε
744 3297 879 3370 δημόσιον
898 3299 961 3355 ούτε
980 3301 1055 3356 ίδιον
1073 3300 1177 3355 Reiske

158 3381 191 3428 14
210 3371 316 3444 ἐγίνετο
330 3373 408 3428 ABb
427 3371 596 3443 έγένετοΒο
647 3379 680 3426 15
699 3372 750 3441 μέν
769 3389 822 3427 om.
839 3372 861 3427 0
881 3373 1029 3441 praeterB
1085 3377 1117 3426 1⁷
1138 3371 1178 3433 εἰς

158 3443 306 3513 ἐκκλησίαν
322 3445 498 3514 αΚίεεεΙίιις
535 3450 568 3498 19
583 3440 836 3515 ἀναβαλλόμενοιΟ
852 3443 997 3513 praeterB
1034 3440 1177 3511 θδφρονί-

157 3535 226 3584 μους
240 3515 262 3570 0
282 3514 510 3585 φρονιμωτάτους
524 3515 647 3586 Sylburg
