2662 3920
167 214 211 280 64
449 280 452 284 ,
596 215 752 266 -Ι-

166 341 266 416 θύτες
297 336 365 406 ὑπὸ
396 348 464 403 τῶν
496 335 633 404 ὑπάτων
663 337 719 404 καὶ
750 348 808 423 τῆς
840 337 916 423 περί
948 337 1072 416 αὐτοὺς
1108 352 1197 402 συν·
1208 353 1287 403 2081

167 448 312 530 ωμοσίας
334 445 375 512 ού
399 442 505 527 μόνον
529 446 576 522 εἰς
598 444 660 528 την
687 442 853 528 ἐξουσίαν,
881 443 965 510 ἀλλὰ
992 443 1048 510 καὶ
1076 444 1124 520 είς
1150 445 1197 508 τὰ

127 554 301 636 2σώματα
327 551 662 640 προπηλακισθέντες.
700 549 830 634 ,ἠξίουν
856 573 891 617 τε
921 551 1016 616 δυεῖν
1043 549 1196 636 θάτερον

167 671 276 729 ποιεῖν
303 663 382 740 τούς
407 658 568 737 ὑπάτους·
597 660 626 724 εί
653 658 715 742 μὲν
742 658 925 744 ἀρνοῦνται
951 656 1056 741 μηδὲν
1083 650 1132 722 ὑν
1159 657 1196 722 οἱ

136 787 148 826 ⁵
166 765 265 850 νόμοι
287 769 513 836 κεκωλύκασιν
536 768 584 843 είς
606 767 647 831 τά
669 775 737 831 τῶν
761 765 939 850 δημάρχων
961 767 1195 848 πλημμελησαι

167 875 316 959 σώματα,
343 873 635 960 παραγενομένους
657 874 705 955 εἰς
727 873 789 957 την
812 870 990 955 ἐκκλησίαν
1013 866 1194 954 ἀπομόσαι,

168 983 197 1048 εί
220 978 251 1046 δ’
269 981 331 1066 οὑχ
353 979 559 1063 ὑπομένουσι
581 981 642 1046 τὸν
662 976 776 1066 ὅρκον,
797 979 892 1064 ἥκειν
910 976 965 1046 ἐπί
987 979 1066 1054 τοὺς
1089 973 1194 1062 δημό-

167 1111 225 1164 τας
248 1089 349 1172 λόγον
366 1085 562 1173 ὑφέξοντας·
588 1087 774 1152 ἀναδώσειν
792 1088 857 1172 γάρ
878 1084 964 1170 ὑπὲρ
988 1080 1099 1150 αὐτῶν
1119 1093 1194 1160 ταῖς

127 1193 291 1279 3φυλαίς
326 1196 388 1280 την
423 1205 548 1280 ψῆφον.
604 1196 637 1260 ολ
673 1191 703 1258 δ’
734 1194 856 1260 ὑπατοι
891 1193 976 1279 πρὸς
1006 1186 1097 1257 ταῦτ’
1121 1189 1193 1255 ἀπ-

123 1321 149 1360 10
168 1307 348 1385 ελοχοῦντο
380 1302 608 1384 διδάσκοντες,
641 1297 693 1368 ὅτι
724 1310 782 1384 τῆς
812 1299 941 1386 ὕβρεως
968 1299 1001 1364 οἱ
1028 1298 1193 1382 δήμαρχοι

168 1405 302 1491 ἄρξειαν
325 1405 492 1496 αὐθαδείᾳ
509 1407 711 1494 χρησάμενοι
728 1407 1023 1489 καὶτολμησαντες
1042 1405 1090 1482 είς
1106 1401 1193 1470 ὑπά·

167 1539 235 1582 των
258 1517 392 1600 σώματα
414 1525 630 1601 παρανομεῖν,
653 1516 691 1580 τὸ
713 1515 776 1598 μέν
798 1523 931 1598 πρῶτον
953 1509 1133 1597 ὑπηρέταις
1155 1534 1192 1578 τε

167 1624 223 1690 καί
246 1620 467 1710 ἀγορανόμοις
486 1620 712 1699 ἐπιτάττοντες
730 1623 824 1706 άγειν
843 1621 890 1696 είς
907 1620 945 1684 τὸ
965 1619 1192 1704 δεσμωτήριον

167 1731 345 1814 άρχοντας,
377 1722 428 1808 οἷς
459 1731 496 1796 τὸ
527 1729 662 1796 πάντων
692 1726 891 1794 ἀποδέδοται
919 1725 1054 1812 κράτος,
1086 1723 1187 1793 ἔπειτ’

124 1856 149 1895 ιτ
168 1835 263 1902 αὐτοὶ
285 1841 507 1921 τολμήσαντες
530 1833 634 1920 ὑμόσε
653 1845 774 1921 χωρεῖν
797 1836 862 1900 σὺν
883 1842 959 1910 τοῖς
978 1833 1191 1916 ἰταμωτάτοις

128 1944 236 2010 4τῶν
258 1943 458 2030 δημοτικῶν·
486 1943 543 2020 τάς
566 1967 601 2010 τε
625 1943 726 2030 ἀρχάς
750 1941 964 2028 διδάσκοντες
987 1937 1069 2006 ὅσον
1092 1940 1190 2024 άλλη·

169 2056 237 2116 λων
269 2049 500 2136 διαφέρουσιν,
533 2051 553 2134 ὑ
586 2050 648 2133 μὲν
679 2047 821 2134 ὑπατικη
856 2049 908 2117 τὸ’
925 2057 993 2115 τῶν
1026 2046 1190 2130 βασιλέων

169 2156 290 2244 ἔχουσα
319 2158 453 2244 κράτος,
484 2159 505 2242 ἡ
537 2157 575 2224 δέ
604 2157 787 2242 δημαρχικη
817 2166 875 2240 τῆς
904 2155 1065 2238 βοηθείας
1095 2153 1190 2222 ἕνεκα

166 2271 422 2352 παρεληλυθυῖα
453 2274 521 2330 τῶν
541 2263 831 2349 κατισχυομένων,
866 2254 889 2352 ᾗ
920 2261 1083 2326 τοσούτου
1118 2261 1267 2326 δείκνυεν

124 2392 150 2430 20
167 2370 290 2450 ἐξεῖναι
321 2374 403 2441 κατὰ
435 2382 502 2438 τῶν
539 2370 676 2440 ὑπάτων
711 2373 803 2448 τινὸς
838 2379 955 2455 ψῆφον
992 2363 1189 2434 ἀναδιδόναι

168 2489 238 2555 τοῖς
269 2479 395 2562 ἐχλοις,
427 2479 510 2544 ὥστε
542 2479 626 2563 μηδὲ
656 2480 740 2544 κατά
770 2488 838 2544 τῶν
870 2478 981 2542 ἀλλων
1008 2476 1189 2558 πατρικίων

168 2593 229 2650 τοῦ
253 2585 465 2670 φαυλοτάτου
488 2586 613 2668 ταύτην
626 2582 861 2671 ἀποδεδόσθαι
879 2584 941 2667 τὴν
959 2579 1125 2665 ἐξουσίαν,
1136 2579 1188 2645 ’ἀν

168 2693 212 2775 μη
226 2692 263 2775 ἠ
297 2691 403 2774 βουλὴ
435 2693 630 2776 ψηφίσηται.
679 2692 842 2774 ἠπείλουν
874 2713 924 2774 τε,
942 2685 1037 2754 ηὸταν
1069 2686 1188 2754 ἐκείνοι

132 2876 145 2892 .
168 2808 286 2883 ψῆφον
313 2794 461 2864 ἀναδῶσι
488 2807 559 2875 τοῖς
585 2795 757 2882 δημόταις,
787 2794 883 2864 αὐτοὶ
912 2799 953 2862 τά
982 2792 1069 2862 ὅπλα
1100 2816 1188 2880 περι

124 2895 290 3006 ἐθησειν
309 2913 379 2982 τοίς
402 2907 594 2991 πατρικίοις.
631 2904 794 2972 τοιούτων
817 2905 858 2992 δη
882 2903 1057 2990 ῥηθέντων
1080 2899 1188 2986 λόχων

169 3027 262 3080 αὐτῶν
280 3026 326 3080 Ba
351 3023 523 3083 §amar-Bb
591 3014 612 3080 '1
636 3017 686 3080 καὶ
709 3017 766 3082 ἀπδ
788 3035 838 3097 της
859 3026 923 3094 περὶ
942 3027 968 3079 A
993 3024 1125 3090 καὶπερὶ
1144 3023 1187 3076 Βο

168 3097 218 3150 καὶ
236 3105 285 3167 τῆς
302 3098 366 3166 περὶ
385 3097 431 3151 Bb
504 3095 627 3168 2μόνον
647 3096 674 3152 δ’
691 3098 731 3160 εἰς
749 3098 783 3188 Β,
850 3094 1123 3238 ὅπλημμεληςσαιχ
1143 3093 1186 3148 Bb

170 3175 185 3222 6
212 3166 403 3244 ἀκομ<ό>σαι
426 3169 473 3222 Bb
552 3175 566 3222 λ
591 3170 616 3223 εἰ
639 3169 670 3224 δέ
693 3171 864 3240 ὑπομενουσι
882 3170 907 3222 Α
942 3169 945 3241 λ
979 3170 1102 3237 δημοτας
1141 3167 1187 3233 δη-

169 3237 283 3308 μοσίους
301 3242 326 3294 A
392 3247 485 3294 θ’ὶτῶν
504 3243 600 3309 φυλῶν
618 3242 644 3294 A
712 3246 746 3294 10
763 3249 813 3312 της
831 3261 860 3296 τε
878 3239 984 3365 &eoam
1002 3239 1098 3308 Βῑτης
1115 3257 1145 3310 χε
1163 3239 1185 3291 ὑ.

170 3327 192 3364 c.
207 3311 350 3382 Kiessling
422 3319 455 3366 12
470 3331 499 3365 τε
513 3312 563 3364 καλ
577 3307 765 3384 ἀγορανόμοις
783 3313 837 3367 del.
851 3312 897 3366 Na
918 3328 949 3366 er
961 3311 1063 3364 Mnem.
1080 3314 1122 3376 30,
1138 3315 1187 3363 254

171 3389 205 3436 14
224 3379 310 3456 (oie)
329 3382 376 3435 Bb
430 3387 463 3436 19
476 3390 615 3436 τοσοῦτον
634 3382 656 3436 Ο
675 3385 789 3451 praeter
806 3383 828 3436 B
880 3388 919 3437 22
932 3390 970 3436 τῶ
988 3376 1187 3449 φαυλοτέρωΑ

170 3463 219 3508 τοῦ
232 3453 416 3522 Ιφαυλοτάτου
430 3454 452 3506 Β
467 3462 522 3507 τῶν
542 3451 721 3522 φαυλοτέρων
735 3454 761 3506 R
805 3459 840 3508 23
851 3454 879 3577 χ
896 3453 960 3507 αδδ.
975 3451 1023 3505 Bb
1044 3452 1048 3523 λ
1068 3449 1187 3521 ψηφίσε-

170 3543 217 3578 ται
234 3527 260 3578 A
282 3523 495 3598 ψηφκσητ>αι
513 3523 560 3581 Bb
624 3531 659 3579 24
677 3523 834 3592 προθήσειν
880 3523 948 3578 aber
961 3523 1064 3613 MlJem.
1080 3528 1123 3588 30,
1139 3527 1187 3576 254
