2668 3922
140 221 207 286 214
558 245 592 254 ·
629 218 670 268 113
708 245 742 252 -

139 355 269 430 μετρῶν
300 344 360 408 τὸν
391 342 525 425 μόδιον·
566 341 666 418 ὅσους
698 340 736 405 δέ
768 339 921 405 αἴσθοιτο
951 337 1163 404 παντάπασιν

140 451 328 528 ἀδυνάτους
354 449 411 515 καί
436 447 513 532 μηδ’
534 447 619 532 ὑπὲρ
646 455 704 531 τῆς
729 444 898 531 ἐφημέρου
920 455 1047 531 τροφῆς
1070 441 1164 530 ἔχον-

139 582 198 635 τας
228 556 395 643 προέσθαι
426 556 464 620 τὸ
496 554 663 640 διάφορον
694 551 777 618 ἀνευ
813 563 907 638 τιμης
942 553 1163 638 χαριζόμενος.

100 665 243 756 δταύτη
265 673 305 750 τῇ
329 663 570 748 φιλανθρωπίᾳ
592 662 652 726 τὸν
674 660 782 744 δῆμον
804 659 982 743 ἀναλαβὼν
1004 659 1060 725 καί
1077 666 1164 726 θαυ-

109 765 269 856 εμυστην
295 771 379 855 ὅσην
404 766 506 846 δόξαν
529 766 792 851 ἀπενεγκάμενος
815 763 917 855 ςόχετο
940 766 1042 832 πάλιν
1065 764 1165 849 ἐμπο-

141 880 341 964 ρευσόμενος
368 874 481 962 ἐτέρας
507 873 643 960 ἀγοράς·
680 873 736 939 καὶ
758 882 869 959 παρῆν
891 873 933 939 ού
957 874 1013 938 διὰ
1035 881 1164 958 μακροῦ

140 986 351 1069 ποταμηγοὺς
375 980 467 1067 ἀγων
489 981 620 1066 σκάφας
641 981 767 1058 πολλάς
787 980 878 1046 πάνυ
900 981 1021 1063 μεστὰς
1038 989 1165 1066 τροφῆς

101 1092 196 1187 4καί
218 1092 278 1156 τὸν
302 1091 555 1175 αὐτὸντρόπον
577 1097 648 1164 τοῖς
675 1089 868 1166 (πολίταις)
896 1085 1032 1173 ἐμέτρει
1071 1087 1105 1153 οί
1128 1087 1165 1152 δέ

118 1187 308 1282 ῗπατρίκιοι
336 1205 440 1263 ταῦτα
465 1196 653 1281 πράττοντα
680 1193 823 1280 δρῶντες
851 1193 954 1260 αὐτὸν
981 1190 1075 1274 (δι’)
1104 1194 1166 1259 ὑπ-

98 1328 124 1367 ιο
142 1307 240 1385 οψίας
265 1327 301 1370 τε
329 1302 519 1388 ἐλάμβανον
541 1313 600 1387 τῆς
627 1298 713 1386 ἀγαν
741 1303 930 1386 φιλοτιμίας
953 1309 1015 1366 τοῦ
1043 1300 1166 1387 ἀνδρὸς

142 1411 243 1477 οὐδὲν
272 1409 405 1495 ἀγαθὸν
434 1409 640 1476 ἀπολαύσειν
667 1410 816 1490 οἰόμενοι
844 1408 900 1473 καλ
930 1405 1167 1490 συνιστάμενοι

141 1519 224 1584 κατὰ
246 1519 307 1603 την
331 1517 459 1604 ἀγοράν
481 1515 659 1599 ἐσκόπουν,
682 1515 799 1581 ὅντινα
820 1516 883 1600 χρὴ
904 1516 1031 1600 τρόπον
1049 1514 1167 1599 εύπρε·

142 1624 303 1711 πέστερον
335 1622 418 1690 ἀνευ
450 1623 613 1689 κινδύνου
645 1629 772 1686 παῦσαι
802 1622 932 1688 τούτων
963 1621 1068 1688 αὐτὸν
1099 1631 1167 1686 τῶν

142 1730 403 1814 πολιτευμάτων·
426 1730 541 1816 κρύφα
563 1729 626 1812 μδυ
647 1730 685 1794 τὸ
708 1739 843 1815 πρῶτον
864 1729 920 1794 καί
942 1725 1012 1794 κατ’
1031 1727 1168 1812 ἀλόγους

100 1859 125 1900 ιε
143 1838 316 1914 συνιόντες
338 1837 393 1902 καί
416 1837 645 1921 διαλεγόμενοι
667 1837 751 1922 πρὸς
773 1835 952 1920 ἀλλήλους,
978 1831 1090 1901 ἔπειτα
1111 1835 1168 1900 καλ

142 1943 180 2010 ἐκ
200 1952 272 2010 ’τοῦ
304 1953 454 2030 φανεροῦ
485 1947 728 2026 καταβοῶντες,
762 1940 875 2026 ἐπειδὴ
907 1943 1014 2029 βαρύς
1045 1964 1080 2008 τε
1111 1923 1179 2006 καί

143 2051 311 2138 ἀφόρητος
332 2047 376 2136 ἦν
399 2048 480 2138 ἔργα
502 2073 538 2116 τε
559 2050 714 2136 πράττων
736 2050 967 2134 ὑπερηφανίας
989 2050 1092 2133 μεστά
1111 2049 1168 2113 καὶ

103 2159 124 2225 5
143 2162 265 2243 λόγους
292 2156 423 2237 διεξιὼν
451 2157 612 2234 αὐθάδεις
638 2156 723 2240 ὑπὲρ
746 2155 881 2222 ἑαυτοῦ·
914 2157 950 2234 ῦς
973 2179 1011 2240 γε
1033 2166 1167 2243 πρῶτον

142 2267 204 2349 μὲν
226 2268 448 2360 καθεζόμενος
470 2264 526 2332 ἐπί
548 2268 693 2350 βήματος
716 2272 938 2348 περιφανοῦς,
957 2263 1068 2348 ὥσπερ
1087 2259 1168 2339 ἐθος

99 2394 126 2434 ιο
142 2370 186 2457 ἦν
208 2383 278 2451 τολς
292 2374 359 2451 ’τὰς
382 2372 484 2459 ἀρχὰς
511 2368 657 2456 ἔχουσιν,
685 2369 874 2456 ἐχρημάτιζε
896 2379 966 2448 τολς
989 2378 1168 2458 προσιοῦσι

144 2478 188 2544 δι’
218 2478 341 2566 ἡμέρας
373 2479 450 2564 περί
480 2479 542 2562 τὴν
574 2478 777 2560 σιτοδοσίαν,
806 2475 957 2560 ἐκβαλὼν
986 2486 1044 2561 τῆς
1073 2487 1168 2561 τιμῆς

144 2585 265 2670 ταύτης
296 2586 357 2652 τὸν
388 2583 631 2668 ἀποδειχθέντα
665 2581 811 2669 ἔπαρχον
842 2582 908 2648 ὑπὸ
941 2594 998 2669 τῆς
1029 2587 1167 2667 βουλῆς·

106 2692 126 2758 6
145 2688 257 2758 ἔπειτα
284 2700 434 2776 συνεχεῖς
462 2691 663 2773 ποιούμενος
689 2689 863 2776 ἐκκλησίας
886 2690 948 2756 ούκ
970 2690 1011 2756 όν
1034 2688 1072 2756 ἐν
1095 2686 1168 2755 ἔθει

141 2796 310 2882 Ῥωμαίοις
341 2797 476 2881 ἰδιώτην
506 2794 683 2882 ἐκκλησίαν
711 2798 871 2882 συνάγειν
893 2798 1001 2863 πολλοὶ
1022 2797 1084 2881 μὲν
1108 2805 1167 2862 τοῦ

218 2979 233 3028 7
252 2973 423 3044 ποταμηγοὺς
441 2971 502 3027 Εεο.
527 2973 532 3046 λ
560 2972 628 3043 μετὰ
646 2973 708 3028 Εεο,
726 2972 827 3043 μεστὰς
844 2973 935 3028 Foder
1006 2977 1023 3026 8
1041 2969 1169 3034 πολίταις

146 3046 210 3100 εδδ.
225 3045 316 3105 Foder
377 3050 392 3099 9
411 3041 516 3100 ἀὐτὸν
535 3042 662 3115 ῦποψίας
679 3065 708 3100 τε
726 3045 788 3100 Εεο,
808 3045 916 3100 oonexi
934 3044 969 3098 ef.
984 3043 1079 3098 Fleck.
1094 3045 1168 3100 Ann.

146 3122 216 3171 1888
242 3119 315 3187 (127)
341 3121 393 3172 850
478 3122 510 3170 11
540 3115 641 3172 *οὐδὲν
669 3117 783 3187 ἀγαθοῦ
811 3116 872 3170 Εεο.
905 3111 1022 3178 ούδενδς
1053 3115 1168 3186 ἀγαθοῦ

145 3187 268 3242 Κίεεε11υ
315 3187 399 3243 ούδλν
425 3185 538 3258 ἀγαθὸν
564 3204 629 3258 εςος
655 3188 690 3242 of.
715 3189 780 3242 Aar.
803 3187 899 3256 Progr.
924 3203 951 3255 p.
970 3191 1013 3253 25,
1039 3185 1170 3240 ΗειλΙοίο

145 3259 241 3328 Progr.
294 3259 547 3327 ertheim18‘13‚8
619 3265 652 3313 12
671 3255 900 3330 εύπρεπόστεροκ]
924 3255 1122 3326 εύπρεπίυτατ’
1144 3273 1168 3310 ο.

146 3330 249 3384 Garrer
267 3329 332 3385 obs.
351 3350 378 3400 p.
394 3337 427 3386 87
491 3337 524 3386 16
543 3332 632 3402 βαρύς
649 3329 690 3385 ἐτι
708 3330 770 3385 Εεο.
790 3330 941 3401 βαρύτερος
959 3327 1000 3383 ἐτι
1017 3328 1062 3383 vel
1080 3328 1170 3399 βαρύς

145 3421 174 3456 τε
194 3419 216 3456 ο.
231 3400 334 3457 ΜθΙΙοι·
397 3407 429 3456 17
448 3400 638 3472 δπεριφακίας
655 3402 717 3457 Εεο.
780 3406 813 3455 19
832 3399 901 3463 ἐθος
919 3400 994 3456 ἐστίν
1012 3401 1075 3455 Εεο.
1094 3401 1169 3454 teste

146 3473 264 3528 Mflllero
315 3478 349 3526 22
363 3472 491 3544 ύπαρχον
504 3475 567 3529 Εεο.
584 3473 708 3544 ἔπαρχον
722 3472 812 3527 Feder
862 3478 896 3527 23
911 3471 1006 3527 ἔπειτα
1021 3471 1052 3527 δὲ
1066 3468 1170 3526 ΜῦΙΙοε
