2668 3922
155 201 221 266 χω
575 204 758 254 -ιΑ-

154 327 327 403 τοσούτοις
344 321 444 392 οὖσιν
460 329 562 409 μόνος
581 326 777 410 ἀντιλέγειν,
800 327 876 392 εἴκω
897 337 967 404 τοῖς
989 331 1177 412 βουλήμασι

115 433 226 511 2τοῖς
253 433 432 520 ὑμετέροις.
482 433 614 499 δίκαιον
640 435 705 517 γὰρ
735 433 986 519 ἀποφαίνεσθαι
1013 435 1076 518 μέν
1103 435 1176 501 ἕκα-

155 558 236 606 στον
263 539 284 605 ἀ
311 541 405 606 δοκεῖ
429 550 475 628 τῷ
502 552 605 626 κοινῷ
629 542 812 624 συνοίσειν,
838 544 1021 608 πείθεσθαι
1045 543 1084 608 δὲ
1106 553 1176 620 τοῖς

154 647 221 712 ὑπὸ
239 659 308 713 τῶν
329 648 496 712 πλειόνων
518 654 696 732 κριθεῖσιν.
733 646 841 713 ἐκεῖνο
863 648 978 730 μέντοι
999 660 1176 735 παραινεῖν

124 754 235 838 εύμῖν
262 755 308 832 ὡς
334 752 372 820 ἐν
398 759 554 838 χαλεποῖς
580 755 637 819 καί
663 754 861 840 ἀβουλήτοις
888 755 1079 840 πράγμασιν
1101 753 1175 840 ἔχω,

153 871 212 946 τῆς
238 861 300 944 μὲν
326 861 484 938 ύιτατείας
510 864 590 945 μήτε
613 870 679 926 νύν
701 861 783 946 μήθ’
799 861 943 946 ὕστερον
965 873 1176 949 παραχωρεῖν

153 969 273 1052 μηδενὶ
299 969 387 1052 πλὴν
414 978 482 1032 τῶν
504 970 698 1052 πατρικίων,
725 960 776 1046 οἷς
802 971 919 1050 μόνοις
945 969 1041 1034 ὅσιόν
1062 992 1098 1034 τε
1119 970 1175 1034 καὶ

114 1075 294 1158 3θεμιτόν
325 1073 395 1141 ἐστι
426 1074 618 1159 τυγχάνειν·
651 1075 732 1140 ὅταν
764 1075 795 1139 δ’
821 1077 869 1152 είς
900 1075 1050 1160 ἀνάγκην
1078 1099 1176 1140 κατα-

153 1188 329 1267 κλεισθῆτε
352 1183 463 1268 ὥσπερ
486 1190 553 1247 νῦν
574 1183 789 1264 μεταδιδόναι
810 1183 958 1260 καὶτοῖς
981 1184 1094 1260 ἀλλοις
1115 1204 1175 1248 πο-

109 1312 135 1351 1⁰
154 1291 259 1367 λίταις
281 1301 340 1375 τῆς
360 1291 517 1374 μεγίστης
539 1288 690 1367 ἐξουσίας
712 1313 748 1355 τε
771 1290 827 1354 καί
845 1289 962 1375 ἀρχῆς,
985 1289 1176 1374 χιλιάρχους
1185 1307 1257 1356 2293

153 1421 188 1462 τε
211 1397 287 1463 ἀντί
308 1407 376 1462 τῶν
393 1396 531 1462 ὑπάτων
549 1397 782 1482 ἀποδείκνυτε,
805 1396 954 1483 ἀριθμὸν
972 1396 1083 1462 αὐτῶν
1106 1396 1175 1481 ὁρί-

153 1521 271 1582 σαντες
294 1505 375 1570 όσον
398 1503 440 1587 δη
463 1526 539 1568 τινα
557 1541 601 1550 -
619 1502 693 1587 ἐμοὶ
715 1505 777 1586 μὲν
800 1506 865 1590 γάρ
888 1504 972 1569 ὀκτὼ
995 1503 1015 1587 ἢ
1039 1501 1073 1581 ἓξ
1094 1503 1175 1568 ἀπο-

151 1621 237 1696 χρῆν
257 1611 410 1676 δοκεῖ-
428 1607 466 1675 ἔν
484 1633 519 1674 τε
537 1611 668 1688 τούτοις
685 1622 755 1689 τοῖς
774 1611 916 1696 ἀνδράσι
936 1612 980 1695 μη
1004 1609 1176 1688 ἐλάττονες

152 1718 301 1804 ἀριθμόν
324 1714 472 1782 ἔστωσαν
495 1717 528 1782 οἱ
551 1721 718 1804 πατρίκιοι
739 1729 808 1784 τῶν
831 1719 1026 1803 δημοτικῶν.
1071 1727 1176 1783 ταῦτα

105 1847 130 1888 ιε
151 1827 215 1911 γάρ
239 1832 414 1900 ποιοῦντες
437 1823 513 1888 οὔτε
536 1826 598 1909 την
620 1835 688 1890 τῶν
710 1825 847 1891 ὑπάτων
866 1825 972 1910 ἀρχὴν
994 1826 1042 1900 είς
1064 1846 1175 1890 ταπει-

151 1933 234 2010 νοὺς
260 1931 316 1997 καί
345 1928 501 2008 ἀναξίους
528 1935 741 2014 καταβαλεῖτε
769 1933 846 1998 οὔτε
876 1933 1074 2008 δυναστείας
1104 1927 1177 1996 ἀδί-

151 2063 232 2117 κους
259 2037 389 2116 ἑαυτοῖς
416 2039 719 2118 κατασκευάζεσθαι
746 2038 858 2117 δόξετε
885 2040 1044 2124 μηδεμιᾶς
1074 2037 1176 2124 ἀρχῆς

110 2149 132 2214 4
150 2147 383 2231 μεταδιδόντες
404 2155 475 2222 τοῖς
498 2146 696 2230 δημοτικοῖς.
733 2146 1000 2212 Ἐπαινεσάνιων
1024 2145 1053 2210 δ’
1071 2145 1177 2210 ἀπάν-

151 2277 219 2320 των
258 2255 320 2338 τὴν
361 2253 498 2337 γνώμην
538 2253 594 2318 καί
635 2253 774 2331 οὐδενὸς
810 2252 970 2318 τάναντία
1005 2251 1176 2336 λέγοντος·

107 2385 133 2426 ιο
148 2360 332 2444 Ἀκούσαά,
354 2357 434 2444 ἔφη,
453 2359 473 2425 ἀ
491 2361 547 2426 καί
565 2369 636 2438 τοῖς
653 2360 791 2438 ὑπάτοις
809 2360 890 2444 ὑμῖν
909 2357 971 2446 ἔχω
990 2370 1175 2446 παραινεῖν.

151 2467 277 2553 ἡμέραν
295 2469 525 2552 προειπόντες,
548 2465 586 2532 έν
604 2459 627 2557 ᾗ
645 2468 682 2533 τὸ
701 2468 938 2553 προβούλευμα
956 2465 1176 2554 ἐπικυρώσειε

152 2575 207 2640 καί
236 2575 276 2638 τά
305 2573 467 2659 κριθέντα
496 2573 562 2639 ὑπὸ
592 2579 650 2658 τῆς
677 2577 818 2660 βουλῆς,
853 2577 999 2659 (λόγον)
1032 2571 1177 2642 ἀπόδοτε

152 2691 221 2759 τοῖς
254 2677 537 2764 ἀπολογουμένοις
568 2680 654 2764 ὑπὲρ
686 2690 745 2747 τοῦ
777 2683 884 2765 νόμον
916 2682 972 2748 καὶ
1003 2692 1073 2761 τοῖς
1100 2706 1177 2748 κατ-

152 2797 325 2875 ηγοροῦσι·
355 2786 529 2874 ῥηθέντων
557 2787 595 2852 δὲ
620 2798 687 2852 τῶν
711 2790 831 2873 λόγων,
860 2789 941 2856 ὅταν
963 2793 1094 2879 καθήκη
1117 2791 1177 2868 τάς

224 2953 238 3000 1
258 2943 344 3015 μόνος
362 2961 415 3000 om.
431 2943 454 2999 0
473 2946 586 3013 praeter
604 2945 625 2998 L
651 2945 654 3017 λ
681 2946 834 3016 βουλήμασι
853 2946 875 3001 0
895 2945 1063 3018 βουλεύμασι
1081 2946 1177 3002 Kiess-

151 3019 212 3088 ling
231 3019 266 3072 ef.
282 3017 370 3072 Cobet
384 3015 449 3071 Obs.
468 3033 496 3085 p.
512 3021 563 3070 212
625 3018 758 3086 ῖμηδενῖ
776 3017 798 3070 L
819 3018 923 3088 μηθενὶ
941 3018 967 3071 R
1022 3015 1177 3087 8θεμιτόν

151 3089 209 3144 έστι
232 3088 381 3158 τυγχάνειν
406 3087 454 3141 LV
481 3085 599 3157 θεμιτὸν
624 3087 756 3158 τυγχάνει
780 3089 810 3142 Μ
883 3095 916 3143 10
939 3088 1101 3160 χιλιάρχους
1124 3089 1176 3158 μέν

151 3159 255 3215 Βοίελιε
338 3165 369 3214 11
399 3160 604 3214 ἀποδεικνύναι
630 3159 732 3214 Portus
760 3161 795 3214 of.
821 3159 930 3230 Jacoby
956 3159 1021 3215 Obs.
1046 3178 1074 3229 p.
1094 3166 1148 3214 310
1172 3162 1175 3232 λ

151 3232 255 3302 αὐτῶν]
276 3227 403 3286 αίιτδνί
481 3237 514 3285 13
534 3230 679 3294 ἐλάττονος
697 3231 863 3301 ἀριθμοῦΟ
888 3230 1031 3294 ἐλάττονες
1049 3229 1177 3302 ἀριθμὸν

151 3302 255 3357 Reiske
333 3307 366 3356 16
391 3301 564 3374 καταβάλητε
591 3303 613 3357 Ο
641 3305 821 3373 καταβαλεῖτε
846 3303 950 3358 Reiske
1029 3309 1061 3358 1⁷
1088 3325 1177 3358 κατα-

152 3385 365 3473 σκευάζεσθάιί
416 3413 449 3462 18
467 3417 526 3470 τοῖς
544 3426 597 3464 om.
613 3409 638 3462 V
691 3415 725 3462 22
744 3405 826 3478 λόγον
846 3425 899 3465 om.
915 3409 938 3464 Ο
957 3411 1022 3465 add.
1038 3410 1176 3482 Sylburg;

152 3477 479 3546 ωνωωᾞωι
