2654 3916
180 217 246 282 286
553 245 586 253 -
624 217 674 269 ιε.
703 217 757 268 εΗ.
796 245 830 253 -

251 341 307 408 IV.
338 339 406 428 (16,
435 339 491 428 15)
514 337 585 406 Ὅτι
614 343 804 424 Ποστόμιος
835 339 853 406 ό
885 339 1011 417 ὕπατος
1042 349 1101 425 τῆς
1132 339 1208 404 δια-.
1313 401 1314 406 ,

180 450 281 535 δοχῆς
310 449 414 514 αὐτοῦ
445 447 622 532 ἐγγισάσης
650 445 735 530 μέγα
764 457 903 533 φρονῶν
931 443 984 532 ἀφ’
1009 445 1116 534 ἑαυτῷ
1146 457 1206 531 τῆς

179 553 208 622 τ’
224 554 388 634 ἀξιώσεως
405 563 466 620 τοῦ
484 553 605 638 γένους
623 553 729 638 ἕνεκα,
747 554 803 620 καί
822 553 874 620 δτι
891 555 1018 631 διτταῖς
1032 553 1206 630 ὑπατείαις
1216 574 1283 622 2333

141 664 244 748 θῆδη
276 660 520 746 κεκοσμημένος
551 657 602 745 ἦν.
658 657 712 747 ἐφ’
740 653 791 738 οίς
823 660 841 726 ό
874 661 1066 739 συνύπατος
1099 661 1206 726 αὐτοῦ

150 769 169 832 ι’
180 771 343 854 καταρχὰς
371 768 433 851 μὲν
457 768 502 845 ὡς
529 766 798 851 ἀπελαυνόμενος
826 777 895 832 τῶν
923 767 1006 833 ίσων
1028 767 1207 852 ἠγανάκτει

179 877 236 944 καί
267 875 426 953 πολλάκις
457 873 513 941 ἐπὶ
544 883 602 959 της
631 878 756 959 βουλῆς
782 874 823 939 τά
850 874 963 940 δίκαια
990 876 1074 960 πρὸς
1101 875 1207 940 αὐτὸν

181 981 306 1068 ἔλεγεν,
327 981 471 1067 ὕστερον
489 981 528 1047 δὲ
550 985 720 1066 συγγνοὺς
737 980 845 1068 έαυτῶ
868 981 955 1060 κατάΙ
972 1004 1010 1047 τε
1028 983 1208 1068 προγόνων

182 1091 285 1175 όγκον
302 1090 358 1155 καί
377 1091 487 1175 φίλων
505 1093 636 1174 πλῆθος
658 1088 714 1154 καί
736 1088 819 1153 κατὰ
841 1088 900 1165 τὰς
923 1089 1024 1167 ἀλλας
1048 1088 1208 1172 δυνάμεις

182 1196 341 1263 ἐλάττονα
370 1197 468 1282 ίσχὺν
495 1192 671 1280 ἔχοντι-
695 1195 871 1280 δημοτικὸς
898 1197 962 1281 γὰρ
989 1192 1033 1280 ἦν
1055 1196 1112 1262 καί
1138 1206 1208 1262 τῶν

138 1328 164 1366 ιο
181 1305 301 1372 νεωστὶ
328 1305 570 1390 παρελθόντων
598 1302 645 1379 εἰς
672 1312 799 1386 γνῶσιν
826 1340 871 1348 -
899 1295 966 1380 είξέ
990 1326 1026 1368 τε
1052 1313 1098 1392 τῷ
1123 1319 1209 1378 συν-

182 1412 296 1499 υπάτῳ
323 1411 379 1477 καί
405 1410 619 1496 παρεχώρησε
646 1417 707 1476 τοῦ
735 1413 941 1475 Σαυνιτικοῠ
968 1409 1115 1492 πολέμου
1146 1411 1209 1495 την

106 1599 111 1618 Ι
143 1521 372 1604 3ηγεμονίαυ.
409 1528 544 1603 πρῶτον
562 1516 624 1598 μὲν
647 1516 688 1600 δη
712 1520 811 1581 τοῦτο
835 1516 997 1602 διαβολὴν
1019 1517 1139 1601 ἤνεγκε
1161 1529 1208 1604 τῷ

183 1627 362 1712 Ποστομίῳ
385 1624 468 1690 κατὰ
490 1625 619 1708 πολλὴν
645 1622 832 1690 αὐθάδειαν
856 1625 1040 1708 γενόμενον
1062 1624 1118 1689 καί
1141 1623 1210 1690 ἕτε-

184 1756 246 1818 ρον
269 1725 372 1808 αὖθις
399 1729 454 1796 ἐπί
480 1731 587 1818 τούτῳ
615 1730 802 1816 βαρύτερον
828 1730 849 1815 ἢ
877 1731 922 1808 ὡς
947 1732 1030 1796 κατά
1048 1728 1209 1814 Ῥωμαίου
1313 1775 1314 1780 1

139 1859 165 1900 ιε
182 1840 338 1924 ἡγεμόνα.
391 1835 621 1920 ἐπιλεξάμενος
650 1839 714 1923 γάρ
745 1838 782 1902 έκ
810 1847 868 1922 τῆς
900 1824 1021 1903 ἑαυτοῦ
1054 1847 1210 1924 στρατιᾶς
1313 1871 1314 1892 ÷

184 1945 261 2030 περὶ
290 1948 369 2022 τοὺς
399 1933 584 2031 δισχιλίους
613 1945 739 2030 ἀνδρας
767 1946 814 2022 είς
841 1947 921 2022 τοὺς
950 1945 1057 2022 ἰδίους
1084 1944 1210 2032 ἀγροὺς

184 2052 366 2138 ἀπήγαγεν,
394 2045 444 2130 οἷς
472 2053 553 2118 ἀνευ
577 2051 717 2137 σιδήρου
746 2052 876 2138 δρυμὸν
899 2049 1051 2118 ἐκέλευσε
1075 2054 1210 2138 κείρειν.
1313 2079 1314 2088 2

184 2161 240 2225 καί
262 2159 358 2245 μέχρι
381 2165 508 2226 πολλοῦ
531 2158 667 2244 κατέσχε
690 2161 769 2236 τοὺς
792 2159 918 2244 ἀνδρας
940 2157 978 2225 ἐν
1000 2169 1070 2237 τοῖς
1094 2159 1211 2246 ἀγροῖς
1313 2215 1314 2230 .

144 2268 167 2332 4
185 2273 301 2352 θητῶν
324 2263 406 2352 ἔργα
428 2267 484 2332 καί
506 2267 727 2352 θεραπόντων
749 2265 1006 2350 ὑπηρετοῦντας.
1046 2265 1121 2353 (16)
1149 2272 1211 2332 Το-
1313 2307 1314 2314 1

140 2395 167 2434 εο
187 2375 291 2464 σαύτη
324 2374 361 2438 δὲ
394 2373 562 2460 αὐθαδείᾳ
592 2374 657 2458 πρὸ
690 2383 748 2458 τῆς
780 2370 898 2450 ἐξόδου
926 2373 1132 2458 χρησόμενος
1162 2371 1212 2438 ἔτι
1313 2403 1314 2418 2

185 2480 369 2566 βαρύτερος
396 2479 504 2566 έφάνη
532 2489 603 2557 τοῖς
628 2479 699 2545 κατ’
717 2480 823 2564 αύτην
850 2481 912 2564 τὴν
940 2482 1115 2566 στρατείαν
1141 2478 1212 2546 ἐπι·

185 2591 372 2652 τελεσθεῖσι
395 2587 451 2652 καί
474 2586 617 2674 παρέσχε
639 2595 680 2672 τῇ
703 2590 810 2673 βουλῇ
833 2588 889 2652 καί
911 2598 957 2674 τῷ
981 2588 1073 2675 δήμῳ
1091 2587 1213 2670 μίσους

186 2692 340 2780 ἀφορμὰς
367 2693 508 2760 δικαίου.
553 2695 613 2759 τὸν
635 2695 700 2778 γὰρ
727 2693 959 2759 ὑπατεύσαντα
986 2706 1032 2782 τῷ
1058 2697 1213 2779 πρόσθεν

186 2799 327 2889 ἐνιαυτῷ
360 2800 416 2866 καί
448 2803 630 2884 νικήσαντα
661 2806 840 2866 Σαυνιτῶν
872 2804 952 2878 τοὺς
983 2799 1212 2883 καλουμένους
1222 2817 1287 2866 2334

140 2929 168 2970 οε
187 2907 360 2994 Πέντρους
385 2906 515 2990 Φάβιον
537 2916 594 2991 τῆς
617 2911 741 2992 βουλῆς
764 2906 996 2992 ψηφισαμένης
1019 2907 1133 2991 μένειν
1156 2907 1213 2974 ἐπὶ

186 3021 247 3080 τοῦ
278 3014 520 3100 στρατοπέδου,
552 3013 607 3079 καί
638 3015 700 3099 την
732 3012 931 3081 ἀνθύπατον
959 3014 1065 3102 ἀρχὴν
1093 3012 1214 3100 έχοντα

259 3196 275 3243 λ
300 3195 349 3258 τῆς
374 3189 477 3256 τάξεως
501 3198 551 3244 τοῦ
576 3186 675 3260 γόνους
702 3189 804 3245 Turon.
829 3190 906 3244 said.
931 3207 1000 3245 corr.
1017 3189 1149 3245 Valesius
1176 3191 1212 3246 ef.

187 3261 263 3315 infra
282 3278 310 3328 p.
326 3267 387 3329 287,
401 3267 435 3316 24
460 3260 511 3332 τὴν
534 3261 773 3331 προυπάρχουσαν
797 3259 920 3330 ἀξίωσιν,
939 3262 989 3316 sed
1007 3265 1056 3330 τῆς
1078 3281 1107 3315 τε
1131 3259 1214 3328 ἀξίας

185 3331 271 3386 ἕνεκα
290 3348 312 3386 ο.
327 3333 431 3387 Reiske
493 3338 509 3386 8
528 3335 638 3402 πλῆθος
657 3349 710 3387 om.
726 3332 803 3387 Suid.
867 3339 900 3386 15
918 3330 1042 3403 ἡγεμόνα
1060 3329 1214 3402 γενόμενον

189 3403 266 3458 Suid.
314 3463 316 3467 ,
340 3409 373 3458 17
400 3403 468 3459 ἀνευ
494 3405 611 3474 σιδήρου
639 3403 711 3458 Smit
734 3404 799 3459 obs.
818 3421 846 3472 p.
861 3410 895 3459 62
917 3405 970 3460 δελ
1045 3410 1078 3458 25
1104 3405 1214 3476 Φάβιον

187 3477 337 3531 Σαυνιτῶν
361 3475 462 3530 Mon.
484 3475 591 3548 Φάβιον
615 3479 681 3546 post
703 3473 847 3544 Πόντρους
869 3475 1013 3546 Kiessling
1037 3477 1215 3546 transposuit
