2656 3932
138 159 229 276 ἰιι
580 211 692 262 -1A
728 238 762 248 -

163 337 214 402 ότι
237 336 431 402 σεσάλευται
455 335 511 400 καλ
538 343 631 400 νοσεῑ
658 336 695 400 τὸ
723 334 864 421 πάτριον
886 335 980 418 ἡμῶν
1002 335 1186 418 πολίτευμα

163 441 199 508 ἐκ
226 446 369 526 πολλοῦ,
395 441 451 508 καί
478 451 547 519 τοῖς
574 443 794 527 προεστηκόσι
821 453 889 508 τῶν
913 451 1037 507 κοινῶν
1060 441 1137 506 οὔτε
1166 439 1184 506 ό

163 549 267 632 δῆμος
294 549 414 626 εὔνους
441 547 533 614 ἐστίν
556 549 633 614 οὔτε
656 549 689 614 ολ
716 549 898 633 πατρίκιοι,
925 548 981 613 καί
1009 547 1050 613 οῦ
1077 547 1185 631 μάτην

164 653 365 732 ἀκούσαντες
382 693 426 702 -
444 657 482 721 τὸ
500 656 564 741 γάρ
583 652 708 739 ἀληθὲς
726 653 831 731 οὑτως
849 651 931 739 ἔχει,
953 655 1011 731 τάς
1030 650 1061 718 δ’
1077 655 1185 732 αίτίας

133 761 391 844 ιέπισταμένοις
421 761 502 846 ὑμίν
529 762 631 830 οὐδὲν
659 760 775 844 δέομαι
804 760 914 846 λέγειν
938 799 980 808 -
1003 759 1185 844 ὑπέλαβον,

164 870 196 934 εἴ
221 893 270 946 τις
298 865 424 947 ἔξωθεν
446 870 531 954 ἡμᾶς
557 867 715 954 κατάσχοι
742 870 884 952 πόλεμος
909 868 975 951 ἅμα
998 877 1067 945 τοῖς
1091 866 1186 945 ἐντὸς

163 979 292 1061 τείχους
315 985 442 1060 κακοῖς,
464 975 520 1041 καί
543 974 648 1054 δόξειε
668 984 740 1052 ταῖς
759 973 873 1061 ἀρχαῖς
892 975 1037 1057 δύναμιν
1055 972 1185 1059 ἐξάγειν

164 1085 225 1168 τὴν
248 1086 568 1169 προπολεμήσουσαν
590 1089 649 1168 τῆς
671 1088 748 1167 γῆς,
770 1082 847 1148 οὑτε
870 1083 948 1158 τοὺς
970 1082 1107 1160 πολίτας
1129 1079 1186 1146 ἐπὶ

164 1192 223 1256 τὸν
251 1192 485 1277 στρατιωτικὸν
513 1189 615 1277 όρκον
642 1190 789 1266 ἅπαντας
815 1186 907 1273 ἥξειν
930 1187 966 1254 ἐκ
992 1190 1185 1275 προθυμίας

121 1318 147 1357 ιο
165 1297 209 1374 ὡς
236 1300 409 1382 πρότερον,
437 1294 593 1383 ἀπεχθῶς
619 1295 847 1380 διακειμένους
874 1296 957 1381 πρὸς
984 1295 1042 1373 τάς
1069 1292 1273 1382 ἀρχάςκιιό

165 1404 241 1469 οῦτε
273 1406 351 1481 τοὺς
382 1405 546 1488 ἡγεμόνας
582 1412 653 1480 ταῖς
689 1401 726 1468 ἐκ
762 1413 830 1468 τῶν
866 1404 979 1485 νόμον
1014 1404 1186 1487 τιμωρίαις

164 1513 348 1596 χρήσεσθαι
379 1511 462 1576 κατά
493 1521 560 1576 τῦν
591 1511 635 1596 μὴ
672 1508 952 1595 παραγενομένων
984 1509 1185 1594 δεδοικότας,

164 1620 208 1701 μή
232 1641 264 1681 τι
286 1620 397 1700 μείζον
415 1615 619 1702 ἐργάσωνται
642 1620 756 1700 κακόν,
778 1617 857 1693 τούς
878 1639 913 1681 τε
932 1615 1186 1695 ὑπακούσαντας

164 1723 219 1788 καί
237 1724 277 1788 τά
296 1724 382 1788 ὅπλα
400 1727 563 1807 λαβόντας
581 1724 601 1808 ἢ
621 1725 832 1803 καταλείψειν
847 1723 889 1788 τά
907 1733 1024 1808 σημεῖα
1041 1723 1062 1808 ἢ
1082 1744 1186 1809 παρα-

164 1831 325 1914 μένοντας
356 1828 612 1915 ἐθελοκακήσειν
644 1829 682 1896 ἐν
713 1840 782 1908 τοίς
815 1828 949 1913 ἀγῶσιν.
1004 1824 1052 1896 ὧν
1084 1830 1187 1898 οὐδὲν

165 1935 225 2016 ἔξω
257 1946 318 2002 τοῦ
351 1937 476 2016 εἰκότος
506 1939 664 2022 ἤλπισαν·
698 1937 778 2003 όταν
810 1937 872 2018 μὲν
899 1938 963 2022 γάρ
996 1936 1186 2020 ὁμονοοῦσα

164 2047 259 2122 πόλις
283 2044 422 2129 ἅπτηται
445 2044 607 2128 πολέμου,
633 2043 689 2109 καί
717 2045 753 2110 τὸ
782 2044 863 2110 αὐτὸ
887 2042 1061 2129 συμφέρον
1084 2045 1186 2110 ἀπασι

165 2153 323 2237 φαίνηται
352 2161 421 2229 τολς
451 2146 479 2216 τ’
504 2151 645 2236 ἀρχουσι
676 2150 732 2216 καὶ
762 2159 832 2227 τολς
864 2148 1075 2236 ἀρχομένοις,
1099 2152 1186 2234 ’μετά

164 2261 356 2344 προθυμίας
387 2259 529 2336 ἅπαντες
561 2255 615 2324 ἐπὶ
647 2259 687 2324 τά
719 2258 814 2324 δεινά
845 2267 991 2343 χωροῦσι
1022 2258 1078 2324 καί
1109 2259 1186 2324 οῦτε

121 2339 271 2470 ἐπόνον
299 2366 376 2430 οὑτε
402 2365 565 2433 κίνδυνον
592 2364 716 2432 οὐδένα
744 2363 911 2431 ὀκνοῦσιν.
957 2365 1038 2430 ὅταν
1066 2365 1104 2431 δὲ
1130 2389 1186 2431 νο·

166 2481 271 2537 σοῦσα
294 2469 332 2536 ἐν
355 2471 454 2557 αὑτῇ,
477 2472 558 2557 πρὶν
580 2471 601 2556 ἢ
624 2473 665 2536 τά
688 2469 789 2537 ἔνδον
808 2475 1094 2557 καταστήσασθαι,
1117 2482 1186 2550 τοίς

125 1805 146 1868 3

121 1893 146 1932 1⁶

164 2577 359 2662 ὑπαιθρίοις
391 2577 491 2660 ὁμόσε
522 2587 613 2665 χωρῇ
646 2581 829 2663 πολεμίοις,
866 2579 921 2644 καί
956 2589 1108 2666 παραστῇ
1140 2590 1185 2666 τῷ

165 2684 226 2767 μὲν
254 2687 377 2768 πλήθει
404 2687 575 2768 λογισμός,
605 2685 656 2750 ότι
684 2685 745 2771 οὑχ
772 2685 857 2770 ὑπὲρ
885 2685 1018 2751 οἰκείων
1046 2683 1186 2771 ἀγαθῶν

165 2797 429 2874 κακοπαθοῦσιν,
471 2787 543 2857 ἀλλ’
580 2791 636 2856 ἵνα
677 2794 892 2879 βεβαιότερον
929 2793 1039 2858 αὐτῶν
1081 2793 1186 2878 ἕτεροι

121 2922 147 2962 ει
166 2901 305 2985 ἀρχιοσι,
337 2907 407 2976 τοῖς
437 2894 467 2962 δ’
491 2899 661 2983 ἡγεμόσιν,
692 2899 743 2964 ότι
771 2900 931 2983 πολέμιον
960 2896 1096 2984 ἔχουσιν
1125 2900 1185 2984 οὑχ

239 3118 253 3163 1
279 3109 368 3182 ἡμῶν]
400 3110 466 3180 ἡμῖν
497 3125 519 3163 ο.
542 3109 665 3180 Sylburg
745 3117 762 3165 4
788 3111 938 3174 ἀκούοντες
963 3111 986 3166 O
1017 3111 1186 3174 ἀκούσαντες

167 3198 188 3235 ι.
212 3181 316 3237 Reiske
389 3186 405 3236 8
430 3181 681 3250 προπολεμήσασαν
706 3182 754 3236 LV
832 3188 847 3236 9
870 3199 922 3251 pro
948 3180 1033 3252 όρκον
1059 3182 1186 3244 ἅπαντας

165 3252 242 3322 ἥξειν
275 3269 297 3306 ο.
325 3252 468 3323 Kiessling
501 3252 587 3307 stulte
620 3251 705 3321 όρκον
738 3253 909 3322 ἀπαντήσειν
949 3254 952 3326 λ
992 3253 1081 3380 iem}
1114 3253 1185 3320 ἕξειν

166 3323 244 3378 LVM
326 3330 359 3378 12
385 3324 546 3393 χρήσασθαι
571 3324 620 3378 LV
703 3331 735 3378 13
760 3325 826 3386 τοὺς
853 3322 885 3379 δέ
912 3345 942 3394 γε
970 3327 1063 3380 ὑπακο
1084 3342 1186 3387 σαντας

167 3412 189 3520 ἓ.
205 3393 308 3520 {eiske
378 3400 410 3448 21
430 3396 501 3466 αὑτῇ
520 3395 543 3450 0
565 3396 568 3466 Ι
589 3395 717 3465 πρινὴΟ
782 3400 815 3449 22
834 3393 965 3464 πολέμοις
978 3396 1026 3450 LV
1045 3394 1186 3466 πολεμίοις

186 3484 205 3534 y
235 3483 289 3536 ΗΓΒ
