2668 3922
175 211 241 278 252
590 243 625 251 -
662 217 706 266 ΙΛ
743 245 777 252 -

174 359 234 403 του
264 338 372 424 χάριν,
403 337 486 403 ἀλλὰ
514 337 647 404 συνέσει
673 339 729 404 καλ
751 351 904 426 χρηστῶν
927 339 1196 425 ἐπιτηδευμάτων
1206 358 1280 407 2313
1327 413 1328 416 ¹

175 443 380 530 προαιρέσει,
409 445 550 527 μάλιστα
579 445 617 511 δὲ
645 457 691 532 τῷ
721 447 825 530 μηδὲν
851 458 919 513 τῶν
946 447 1030 533 ὑπὲρ
1053 449 1115 532 τῆν
1138 447 1197 513 ἀν-

174 552 353 635 θρωπίνην
383 552 488 637 φύσιν
520 553 611 632 <είς>
644 551 807 636 ἀλλήλους
836 565 1049 640 παρανομεῖν.
1105 555 1197 634 ὅσοις

174 657 236 739 μὲν
259 651 322 722 οὖν
345 666 448 723 ταῦτα
471 657 526 724 ἐπὶ
548 664 665 724 πλεῖον
687 659 834 745 ὑπῆρξεν
856 660 894 727 έν
916 670 956 747 τῆ
981 661 1096 746 φύσει,
1119 662 1197 726 τού-

144 783 253 842 ιτους
283 757 374 848 οἶμαι
404 766 476 831 δελν
507 765 616 850 λέγειν
638 763 816 851 Ἕλληνας,
850 768 941 844 ὅσοις
971 767 1008 833 δὲ
1037 767 1197 834 τάναντία

135 871 373 956 6βαρβάρους.
419 873 475 938 καί
503 875 562 950 τὰς
590 873 651 956 μέν
678 871 831 952 ἐπιεικεῖς
853 874 909 940 καί
932 875 1197 960 φιλανθρώπους

175 979 325 1056 διανοίας
348 1002 383 1044 τε
406 980 462 1045 καλ
484 978 618 1065 πράξεις
641 979 752 1044 αὐτῶν
775 977 969 1064 Ἑλληνικὰς
997 975 1084 1047 εἶναι
1107 983 1197 1066 λογί-

175 1087 283 1169 ζομαι,
306 1087 364 1163 τὰς
387 1083 417 1150 δ’
440 1087 530 1169 ὠμάς
552 1087 607 1152 καί
629 1087 823 1172 θηριώδεις,
847 1088 954 1164 ἄλλως
976 1110 1011 1152 τε
1034 1086 1098 1153 κάν
1120 1087 1197 1173 περὶ

175 1203 349 1276 συγγενεῖς
371 1216 406 1258 τε
428 1193 484 1258 καλ
507 1195 628 1278 φίλους
652 1197 826 1277 γίνωνται,
849 1195 1061 1280 βαρβαρικάς.
1112 1201 1197 1260 Tuo-

130 1319 157 1360 10
174 1300 292 1365 κλανολ
321 1300 382 1382 μὲν
410 1300 451 1384 δη
474 1301 558 1386 πρὸς
579 1311 625 1386 τῆν
648 1299 754 1384 μηδὲν
776 1299 1003 1386 ἀφαιρεθῆναι
1025 1311 1094 1366 τῶν
1117 1317 1197 1386 σφε-

174 1405 280 1492 τέρων
303 1406 448 1492 ἁλούσης
470 1417 529 1492 τῆς
550 1409 691 1489 πόλεως,
716 1407 828 1493 [ἀλλὰ]
851 1408 906 1474 καί
929 1409 969 1473 τά
991 1419 1059 1474 τῶν
1081 1431 1197 1495 κεκρα-

174 1517 322 1598 τηκότων
345 1514 458 1598 ἀγαθοὶ
480 1516 727 1598 προσλαβόντες
750 1512 906 1604 ἀπῄεσαν.
949 1515 1049 1581 Vales.
1103 1597 1106 1603 Ι

245 1619 317 1686 VH.
339 1617 411 1684 Ὅτι
428 1622 609 1698 Σολπίκιος
628 1618 766 1706 Ῥοῦφος
789 1619 963 1706 ἐπίκλησιν
985 1622 1070 1707 ἀνῆρ
1093 1619 1137 1706 ῆν
1159 1619 1197 1688 ἐν

174 1748 210 1790 τε
241 1736 312 1803 ταλς
344 1732 535 1808 πολεμικαῖς
563 1725 723 1812 πράξεσιν
752 1725 916 1814 ἐπιφανῆς
945 1729 1001 1794 καλ
1029 1731 1198 1807 πολιτείας

131 1852 156 1892 ιε
175 1835 371 1918 προαίρεσιν
394 1831 562 1916 ἐζηλωκὼς
583 1835 645 1918 τῆν
668 1835 724 1900 διὰ
747 1833 859 1917 μέσον.
903 1835 1002 1902 Vales.

245 1938 332 2005 VIII.
357 1936 430 2026 (12)
467 1940 509 2004 Ol
531 1941 653 2005 Κελτοί
680 1949 720 2026 τῆ
745 1938 848 2031 Ῥώμη
876 1940 912 2006 ἐκ
940 1941 1099 2028 δευτέρου
1127 1940 1197 2008 ἐπι-

174 2047 433 2132 στρατεύσαντες
468 2047 530 2131 τῆν
565 2047 677 2132 χώραν
713 2049 775 2132 την
811 2047 976 2133 Ἀλβανὴν
1010 2048 1195 2134 ἐπόρθουν·

175 2151 260 2220 ἔνθα
278 2154 340 2236 μὲν
358 2159 482 2238 πολλῆς
501 2154 643 2230 ἅπαντες
661 2152 787 2239 ἐδωδῆς
800 2153 1073 2240 ἐμπιμπλάμενοι,
1087 2158 1197 2222 πολὺν

174 2261 212 2326 δέ
234 2263 388 2338 πίνοντες
412 2263 556 2347 ἀκρατον
575 2255 670 2327 οἶνον
686 2299 730 2308 -—
748 2258 819 2326 ἐστι
837 2262 874 2328 δέ
893 2261 910 2328 ὁ
929 2264 1009 2349 τῆδε
1028 2265 1198 2348 φυόμενος

130 2387 156 2427 ιο
174 2370 254 2451 μετὰ
277 2369 337 2434 τὸν
358 2369 545 2454 Φαλερινὸν
566 2368 701 2452 ῆδιστος
724 2368 827 2434 οἴνων
849 2370 1032 2458 μελικράτφ
1055 2371 1197 2454 μάλιστα

174 2479 406 2560 προσεμφερῆς
420 2513 462 2522 -
476 2475 587 2540 ύπνον
605 2498 640 2540 τε
659 2477 797 2541 πλείονα
814 2484 875 2541 τού
895 2480 1068 2562 συνῆθους
1082 2477 1196 2564 αίρού-
1266 2477 1267 2480 '

174 2604 268 2664 μενοι
299 2582 355 2646 καλ
387 2583 519 2647 δίαιταν
549 2581 616 2647 ὑπὸ
649 2592 757 2660 σκιαῖς
786 2583 830 2660 ὡς
858 2583 899 2649 ιδ
928 2586 1036 2650 πολλοὶ
1065 2581 1197 2669 ἔχοντες

173 2688 339 2772 τοσαύτην
376 2685 497 2772 ἔλαβον
533 2687 686 2754 ἐπίδοσιν
722 2691 770 2767 εἰς
805 2693 1035 2776 πολυσαρκίαν
1071 2713 1106 2754 τε
1140 2691 1196 2756 καλ

174 2795 363 2879 ἁπαλότητα
393 2795 449 2860 καλ
482 2793 587 2872 οὕτως
619 2794 896 2882 ἐξεθηλύνθησαν
932 2799 990 2875 τὰς
1027 2797 1196 2881 δυνάμεις,

246 2976 260 3023 1
280 2969 364 3040 χάριν
383 2969 484 3023 Turon.
503 2967 597 3039 χάριτι
612 2969 742 3024 Valesius
810 2972 944 3041 2μηδενλ
958 2972 1088 3037 Valesius
1107 2971 1195 3042 μηδὲν

174 3039 276 3095 Reiske
298 3042 300 3112 λ
321 3040 403 3112 ὑπὲρ]
424 3039 512 3094 Cobet
526 3040 591 3095 obs.
606 3059 633 3110 p.
645 3046 697 3095 214
715 3041 787 3097 falso
806 3042 884 3110 παρὰ
903 3044 1023 3098 coniecit
1073 3049 1089 3097 3
1109 3045 1195 3112 φύσιν

175 3111 308 3180 ἀλλήλους
334 3112 435 3168 Turon.
469 3112 509 3174 εἰς
539 3112 603 3166 add.
632 3112 736 3168 Reiske
767 3111 838 3181 πρὸς
865 3114 1007 3184 Kiessling
1039 3115 1074 3169 cf.
1099 3115 1195 3186 Tegge

175 3182 287 3247 (μεωειλ.
307 3183 342 3237 de
360 3184 394 3238 D.
409 3184 444 3237 H.
463 3201 516 3238 usu
533 3184 686 3253 praeposit.
705 3201 732 3252 p.
748 3190 783 3239 34
802 3185 867 3239 adn.
948 3191 965 3239 4
990 3185 1026 3240 τὰ
1051 3185 1195 3241 έπιπλεῑον

173 3253 303 3307 Valesius
328 3253 364 3308 τὰ
387 3253 494 3324 ἐπιεικῆ
517 3253 634 3310 πλείονα
656 3255 701 3309 vel
718 3264 807 3310 ταῦτα
825 3255 871 3310 ἐπὶ
889 3259 985 3310 πλεῖον
1003 3257 1049 3312 vel
1066 3257 1101 3312 τὰ
1120 3259 1196 3326 εἰρη-

174 3322 244 3394 μένα
269 3324 315 3378 ἐπὶ
340 3329 437 3380 πλεῖον
460 3343 481 3380 ο.
502 3326 606 3381 Reiske
626 3325 693 3381 τάδε
712 3326 758 3381 ἐπὶ
777 3331 873 3382 πλεῖον
891 3328 1001 3398 Krfiger
1019 3329 1080 3383 Ind.
1099 3347 1127 3399 p.
1143 3335 1195 3384 263

174 3401 190 3449 9
216 3393 360 3468 γίνωνται]
388 3395 524 3467 γένωνται
549 3415 572 3452 ο.
594 3397 738 3468 Kiessling
810 3405 842 3452 11
869 3398 938 3453 ἀλλὰ
963 3399 1068 3454 Reiske
1091 3401 1197 3456 delevit

175 3473 208 3522 16
223 3468 437 3536 στρατεύσαντες
450 3469 545 3524 Ambr.
561 3486 629 3524 cort.
644 3470 773 3524 Hertlein
786 3470 903 3525 Hermes
916 3469 942 3523 X
953 3477 1019 3540 4213
1034 3471 1069 3526 cf.
1081 3471 1168 3540 XVI,
1180 3479 1194 3526 1
