2656 3932
585 246 619 254 -
656 219 697 270 M
734 245 767 264 ·-·
1123 219 1186 284 149

166 355 225 430 τῆς
256 343 474 430 δεκαδαρχίας
504 341 642 407 Ἀππίου
679 348 788 426 θεῖος,
825 340 977 424 ἐμπεδῶν
1012 344 1070 420 τὰς
1105 342 1187 409 ὑπο-

167 450 308 538 σχέσεις,
336 450 375 528 ἀς
397 448 452 516 ἐπί
474 458 532 533 τῆς
554 452 678 533 βουλῆς
701 447 876 534 ἐποιήσατο
899 450 983 534 πρὸς
1006 451 1066 515 τὸν
1094 448 1188 515 ἀδελ-

167 559 302 644 φιδοῦν,
333 554 380 624 ὅτ’
406 556 509 622 αύτὸν
539 555 732 622 ἀποθέσθαι
761 557 822 640 τὴν
855 557 961 640 ἀρχὴν
993 553 1094 634 ἀξιῶν
1126 557 1187 622 οὐκ

166 661 305 731 ἔπεισεν.
341 663 523 748 ἠκολούθει
546 663 578 728 δ’
595 663 685 751 αὐτῷ
708 664 812 738 πολὺς
835 662 896 745 μὲν
919 661 1059 748 ἑταίρων
1080 663 1187 748 ύχλος,
1206 664 1227 730 5

166 775 272 850 πολὺς
294 771 332 856 δέ
354 775 513 836 πελατῶν.
558 771 680 835 τούτου
704 769 736 834 δ’
754 766 940 855 ἀρξαμένου
966 769 1022 835 καλ
1045 770 1082 835 τὸ
1106 771 1186 836 ἀλλο
1220 793 1231 834 ι

166 880 337 945 πολιτικὸν
358 883 489 961 πλῆθος
512 876 622 943 οὐκέτι
642 876 752 961 λάθρα
775 876 830 942 καί
848 875 921 941 κατ’
938 877 1086 960 ὀλίγους,
1111 875 1183 942 ἀλλ’

166 984 202 1052 ἐκ
238 994 298 1051 τοῦ
336 993 485 1070 φανεροῦ
522 985 577 1050 καὶ
615 981 746 1070 ἀθρόον
782 981 909 1061 ἐξέλιπε
940 985 1002 1068 τὴν
1033 985 1187 1070 πατρίδα,

165 1091 264 1160 τέκνα
279 1093 335 1158 καί
350 1101 511 1177 γυναῖκας
527 1088 743 1176 ἐπαγόμενον.
775 1091 808 1155 ολ
825 1090 862 1156 δέ
878 1090 955 1176 περί
972 1093 1033 1156 τὸν
1043 1090 1187 1158 ’Ἁππιον

84 1215 155 1264 2212
166 1196 431 1284 ἀγανακτοῦντες
448 1207 518 1275 τοίς
536 1198 725 1283 γινομένοις
744 1196 945 1281 ἐπεβάλοντο
966 1199 1028 1280 μέν
1045 1200 1187 1264 κωλύειν

165 1307 272 1384 πύλας
291 1309 321 1371 τ’
337 1303 593 1382 ἀποκλείσαντες
610 1306 666 1370 καί
685 1304 889 1390 ἀνθρώπους
906 1306 999 1382 τινάς
1018 1306 1187 1393 συναρπά-
1206 1329 1231 1369 ιο

165 1430 296 1497 σαντες,
320 1410 432 1478 ἔπειτα
454 1450 498 1459 -
522 1411 597 1490 δέος
619 1414 683 1497 γὰρ
707 1413 866 1496 εἰσῆλθεν
890 1411 1018 1496 αὐτοῖς,
1037 1415 1080 1498 μὴ
1104 1415 1188 1499 πρὸς

165 1517 272 1603 ἀλκὴν
298 1520 331 1585 ολ
358 1521 564 1602 κωλυόμενοι
585 1519 789 1604 τράπωνται,
816 1519 872 1584 καί
900 1521 1057 1604 λογισμὸς
1084 1520 1188 1604 ὀρθὸς

166 1626 210 1702 ῶς
232 1635 384 1710 κρεῖττον
402 1625 452 1710 είη
476 1628 596 1711 σφίσιν
613 1624 765 1692 ἐκποδῶν
788 1620 874 1692 είναι
896 1629 976 1704 τοὺς
999 1625 1144 1713 ἐχθροὺς
1165 1627 1203 1712 ἦ

165 1731 326 1814 μένοντας
355 1731 505 1818 ἐνοχλεῖν
534 1770 579 1782 -
609 1733 800 1812 ἀνοίξαντες
829 1735 887 1811 τδς
916 1733 1023 1810 πύλας
1055 1732 1188 1819 ἀφῆκαν

165 1842 244 1916 τοὺς
270 1838 433 1918 θέλοντας
461 1839 608 1924 ἀπιέναι,
636 1842 742 1918 οίκίας
769 1839 804 1906 δ’
824 1841 935 1906 αὐτῶν
962 1841 1018 1906 καί
1044 1844 1188 1926 κλήρους
1207 1863 1231 1904 ιε

165 1947 220 2012 καί
253 1947 315 2012 ὅσα
347 1948 431 2013 ἀλλα
462 1947 656 2014 ὑπελείπετο
690 1947 839 2013 ἀδύνατα
871 1949 952 2013 ὄντα
989 1946 1027 2013 ἐν
1064 1959 1188 2032 φυγαῖς

166 2053 331 2138 φέρεσθαι
368 2057 621 2141 λειποστρατίαν
654 2053 887 2138 ἐπενεγκόντες
923 2053 1110 2138 ἐδήμευσαν
1141 2067 1186 2141 τῷ

166 2163 268 2249 λόγῳ,
291 2163 329 2227 τὸ
353 2159 385 2225 δ’
403 2161 526 2246 ἀληθὲς
549 2172 618 2238 τοῖς
641 2160 770 2227 ἑαυτῶν
788 2160 931 2246 ἑταίροις
954 2159 1076 2225 ὡσανεί
1098 2163 1187 2246 παρὰ

164 2276 224 2333 τοῦ
260 2267 367 2352 δήμου
401 2267 594 2352 πριαμένοις
626 2267 830 2354 ἐχαρίσαντο.
885 2275 988 2332 ταῦτα
1020 2267 1114 2350 <δὴ>
1147 2269 1226 2335 τάύ

165 2372 350 2458 ἐγκλήματα
369 2374 597 2459 προστεθέντα
614 2383 685 2452 τοῖς
707 2373 881 2460 προτέροις
898 2378 1010 2462 πολλῷ
1029 2373 1188 2456 δυσμενε-
1206 2398 1232 2439 2ο

165 2480 303 2566 στέρους
321 2479 455 2565 ἐποίησε
475 2483 558 2567 πρὸς
578 2483 639 2567 τὴν
658 2481 880 2567 δεκαδαρχίαν
897 2483 976 2558 τοὺς
994 2483 1188 2567 πατρικίους

164 2587 324 2664 καὶτοὺς
351 2588 556 2672 δημοτικούς.
602 2590 633 2654 εί
660 2589 722 2672 μὲν
750 2582 813 2655 οὖν
835 2587 940 2674 μηδὲν
963 2586 1187 2673 ἐπεξήμαρτον

165 2691 213 2760 ἔτι
236 2695 319 2781 πρὸς
345 2704 415 2772 τοῖς
442 2695 643 2782 εἰρημένοις,
671 2698 830 2762 δοκοῦσιν
853 2698 896 2762 ἀν
918 2719 975 2779 μοι
1000 2698 1110 2762 πολὺν
1133 2693 1187 2760 ἐπὶ

164 2811 221 2886 τῆς
238 2801 340 2886 αὐτῆς
354 2800 506 2880 ἐξουσίας
520 2803 687 2887 διαμεῖναι
699 2806 835 2890 χρόνον·
854 2804 874 2888 ἡ
894 2805 957 2889 γάρ
973 2803 1187 2888 φυλάττουσα

85 2922 155 2972 2212
166 2909 227 2992 τὴν
245 2909 447 2974 δυναστείαν
466 2909 577 2976 αὐτῶν
595 2911 708 2988 στάσις
727 2908 775 2976 ἐτι
793 2910 944 2994 διέμενεν
962 2909 1000 2976 ἐν
1018 2919 1057 2995 τῇ
1081 2911 1186 2994 πόλει,
1205 2933 1230 2974 τι

237 3127 251 3173 1
272 3118 423 3192 δεκαρχίας
441 3121 464 3176 Ο
488 3138 555 3177 corr.
575 3122 718 3192 Kiessling
796 3129 810 3176 ’ί
830 3119 941 3190 ἀθρόον
959 3121 1015 3175 MV
1034 3119 1145 3190 ἀθρόου
1164 3123 1185 3176 L

168 3196 201 3245 16
220 3189 422 3318 θέλονταςχὶοί.
441 3193 550 3262 Jacoby
569 3192 634 3248 obs.
654 3212 681 3262 p.
698 3199 750 3248 314
812 3200 845 3248 1⁷
864 3191 1087 3266 λειποστρατίαν]
1108 3196 1186 3248 λιπο·

166 3277 352 3402 ἀάἀύάιύνθδε.
367 3352 395 3403 p.
407 3340 458 3389 299
513 3340 545 3390 19
564 3345 652 3391 ταῦτα
671 3336 706 3406 δὴ
725 3336 825 3391 Portus
844 3336 879 3406 δὴ
899 3335 991 3390 om.0
1047 3342 1081 3390 20
1100 3353 1186 3404 προσ-

165 3401 283 3460 τιθέντα
296 3405 352 3459 VM
379 3405 382 3477 Ι
410 3405 628 3476 δυσμενεστέραν
646 3408 676 3461 Μ
740 3413 773 3462 21
794 3404 947 3477 δεκαρχίαν
966 3405 988 3462 Ο
1008 3424 1076 3462 corr.
1092 3408 1185 3462 Kiess·

165 3477 227 3546 ling
250 3477 253 3548 ί
275 3473 411 3543 πατρίους
428 3479 450 3531 L
506 3484 538 3532 22
558 3479 584 3533 εἰ
602 3479 652 3549 μὲν
671 3477 724 3549 γάρ
744 3478 866 3549 Sylburg
921 3483 954 3533 25
975 3476 1111 3549 διέμεινεν
1130 3478 1185 3532 MV

380 3263 446 3318 obet
465 3264 530 3320 Obs.
549 3283 576 3334 p.
592 3269 643 3319 207
668 3264 702 3319 cf.
721 3265 761 3318 111
779 3269 853 3332 30‚7
884 3265 886 3335 ί
918 3262 1123 3337 ἐπενεγκόντες]
1150 3265 1184 3319 of.
