2662 3920
160 189 203 254 28
589 189 745 237 -Ι-

160 323 269 379 ποιεῖν
296 323 364 378 τῶν
390 313 544 398 μετρίων,
576 313 610 376 τί
634 311 876 393 κινδυνεύομεν
902 310 958 376 καί
987 311 1045 388 τὰς
1071 311 1185 396 ψυχάς

160 420 244 506 ὑπὲρ
281 420 393 484 αύτῶν
428 417 613 504 προιέμεθα
648 419 796 504 μηθενὸς
832 417 964 502 άγοιθοῦ
1005 416 1184 500 μέλλοντες

120 527 141 594 5
161 527 425 605 άπολαύσεσθαι;
455 531 565 591 Ταῦτα
588 527 754 610 λεγόντων
778 525 889 590 αὐτῶν
911 525 967 590 καί
989 533 1049 590 τοῦ
1073 525 1184 610 ὃημου

160 633 364 716 πειθομένου
387 632 442 698 καί
464 632 548 717 μηδὲ
571 634 689 717 φωνην
711 631 937 714 ὑπομένοντος
960 631 1095 698 άκούειν
1113 643 1185 697 τῶν

130 741 241 805 ιάλλο
272 763 305 805 τι
336 740 591 824 παραινούντων
618 738 636 804 ὁ
664 739 726 822 μὲν
753 739 923 816 Κλαύδιος
949 739 1057 805 ούθέν
1085 736 1184 823 ἠξίου

161 848 295 912 δεῖσθαι
317 846 471 931 τοιαύτης
497 847 695 931 συμμαχίας,
722 846 795 930 ἥτις
822 847 883 931 ούχ
911 843 1076 929 ἑκούσιος,
1104 842 1177 912 ἀλλ’
1192 861 1272 911 2025

160 953 215 1019 ἐπί
241 960 353 1040 μισθῷ
381 953 437 1020 καλ
464 953 545 1019 ούὸἐ
571 953 678 1040 τούτῳ
705 955 826 1040 μετρίῳ
854 956 996 1038 βοηθεῖν
1026 953 1183 1036 βούλεται

160 1071 200 1147 τη
224 1061 373 1145 πατρίδι,
401 1057 473 1126 ἀλλ’
496 1061 620 1138 αὐτοὺς
647 1056 712 1145 ἔφη
735 1062 814 1137 τοὺς
836 1063 1030 1146 πατρικίους
1053 1059 1183 1126 ἑαυτῶν

160 1169 288 1252 σώμασι
315 1169 370 1234 καί
393 1179 460 1234 τῶν
489 1170 662 1234 συνόντων
686 1167 799 1244 αὐτοῖς
827 1173 978 1235 πελατῶν
1006 1167 1183 1250 ὁπλισαμέ-

117 1297 142 1336 ιο
160 1300 256 1360 νους,
283 1276 338 1342 καλ
365 1275 397 1340 εί
422 1298 454 1339 τι
482 1276 563 1340 άλλο
589 1278 720 1358 πλῆθος
742 1272 941 1340 ἐθελούσιον
965 1275 1078 1352 αὐτοῖς
1101 1290 1183 1340 συν-

161 1393 287 1469 αρεῖται
322 1392 383 1449 τοῦ
419 1381 582 1466 πολέμου,
623 1382 703 1464 μετά
743 1382 873 1448 τούτων
909 1387 1101 1467 πολιορκεῖν
1141 1382 1183 1446 τὰ

161 1492 320 1577 φρούρια·
348 1489 408 1556 ἐάν
431 1489 469 1555 δέ
491 1485 568 1573 μηδ’
592 1487 697 1565 ούτως
719 1486 895 1573 ἀξιόχρεως
918 1489 938 1572 ἡ
958 1488 1099 1571 δύναμις
1122 1489 1183 1553 αύ-

160 1607 229 1675 τοῖς
252 1591 339 1663 εἶναι
361 1598 460 1683 δοκῇ,
483 1597 650 1673 Λατίνους
669 1616 704 1660 τε
722 1595 777 1660 καί
793 1591 949 1680 Ἕρνικας
967 1599 1181 1680 παρακαλεῖν,

161 1703 220 1769 ἐάν
247 1701 277 1769 δ’
301 1703 442 1787 ἀνάγκη,
474 1703 530 1768 καί
557 1702 692 1780 δούλοις
719 1700 917 1787 ἐλευθερίαν
944 1701 1182 1787 ὑπισχνεῖσθαι

117 1831 142 1872 ιε
160 1811 216 1876 καλ
242 1810 367 1888 πάντας
394 1815 521 1892 μᾶλλον
543 1809 564 1894 ἢ
590 1812 669 1887 τοὺς
691 1807 746 1874 έπλ
768 1809 929 1874 τοιούτων
951 1811 1078 1895 καιρῶν
1100 1833 1182 1893 μνη-

121 1917 141 1982 6
160 1926 378 1994 σικακοῦντας
405 1919 503 2002 σφίσι
524 1921 737 2002 παρακαλεῖν.
783 1915 801 1982 ὁ
825 1912 856 1980 θ’
876 1915 985 2002 ἕτερος
1008 1926 1075 1982 τῶν
1097 1916 1181 1981 ὑπά-

160 2048 227 2092 των
248 2023 431 2110 Οὐαλέριος
448 2022 603 2108 ἀντέλεγε
621 2025 705 2110 πρὸς
722 2033 825 2089 ταῦτα
848 2023 911 2088 ούκ
934 2025 1086 2106 οἰόμενος
1108 2023 1182 2088 ιλεῖν

159 2132 383 2219 ἠρεθισμένον
414 2133 452 2198 τὸ
485 2132 665 2216 δημοτικὸν
697 2128 922 2212 ἐκπολεμῶσαι
958 2130 1075 2208 τελέως
1111 2139 1182 2206 τοῖς

160 2242 358 2326 πατρικίοις,
389 2237 472 2317 εἶξαί
497 2262 532 2303 τε
560 2237 784 2320 συνεβούλευε
811 2249 857 2323 τῷ
884 2249 988 2324 καιρῷ
1016 2237 1071 2302 καί
1098 2238 1182 2322 πρὸς

116 2366 142 2405 ²⁰
159 2347 220 2428 μὲν
243 2349 321 2423 τοὺς
348 2344 475 2424 ἔξωθεν
499 2346 677 2427 πολεμίους
704 2344 744 2409 τά
771 2368 808 2428 με
832 2345 943 2410 δίκαια
967 2344 1181 2428 ἀντιτάττειν,

159 2455 243 2538 πρὸς
265 2453 303 2518 δέ
325 2455 384 2530 τὰς
406 2453 575 2529 πολιτικάς
598 2453 770 2538 διατριβάς
792 2453 833 2517 τά
850 2450 966 2537 μέτρια
983 2451 1039 2516 καλ
1057 2452 1182 2536 εὐγνώ-

122 2559 253 2642 Ἱμονα.
291 2558 404 2644 ἐπειδὴ
429 2559 467 2624 δὲ
489 2569 558 2636 τοῖς
580 2561 711 2625 πλείοσι
733 2568 801 2624 τῶν
824 2557 861 2624 ἐν
885 2568 929 2646 τῷ
953 2558 1118 2646 συνεδρίω
1140 2559 1181 2623 τά

159 2667 316 2752 κράτιστα
344 2665 452 2732 ἐδόκει
479 2665 599 2750 λέγειν,
631 2665 810 2752 προελθὼν
837 2667 884 2743 είς
911 2667 973 2750 τὴν
1005 2664 1182 2750 ἐκκλησίαν

53 2786 59 2798 ’
159 2774 215 2839 καί
234 2775 335 2858 λόγον
354 2774 501 2858 εὐπρεπῆ
521 2771 703 2851 διεξελθὼν
721 2777 884 2838 τελευτῶν
902 2782 960 2857 της
978 2774 1181 2859 δημηγορίας
1190 2787 1264 2837 2026

233 2920 246 2966 1
266 2913 317 2976 τὰς
336 2929 388 2968 om.
403 2915 429 2966 A
493 2919 508 2967 3
528 2911 778 2985 άπολ<αύ>εσθαι
796 2911 842 2965 Bb
907 2919 923 2966 6
941 2921 990 2982 τῆς
1007 2913 1138 2981 τοιαύτης
1157 2911 1179 2966 Ο

160 2988 273 3054 praeter
290 2985 313 3038 B
387 2990 421 3038 10
445 2983 653 3057 συνάρ<η>ται
671 2983 748 3037 ABb
773 3000 934 3052 συναρειται
952 2985 998 3038 Ba
1018 2985 1051 3038 ut
1068 2985 1181 3038 videtur

161 3063 195 3110 16
213 3057 399 3128 παρακαλεῖν]
419 3057 594 3126 παραλαβεῖν
612 3054 709 3109 Naber
726 3055 828 3110 Mnem.
845 3061 887 3122 30,
899 3061 949 3109 262
1015 3060 1048 3110 18
1068 3055 1180 3110 ἐκπολε-

160 3127 342 3220 μῶσςαι>Βθ
409 3132 442 3181 19
462 3123 582 3200 εῖξ<αι>
601 3126 648 3180 Bb
713 3131 747 3180 20
766 3124 902 3196 πολέμους
921 3144 943 3181 ο.
959 3127 1101 3196 Kiessling
1121 3127 1125 3198 Ι
1145 3125 1181 3180 τά

160 3219 190 3268 ηε
209 3198 344 3254 θικαιαΟ
363 3197 399 3253 τά
414 3199 467 3271 [ηε]
483 3196 563 3269 βίαια
578 3215 600 3252 ο.
612 3198 736 3252 Sintenis
750 3197 810 3253 Em.
821 3199 902 3253 Dion.
913 3198 952 3251 ΠΙ
967 3204 999 3252 23
1065 3204 1097 3252 21
1118 3200 1180 3251 θια-

160 3270 268 3341 τριβάς]
292 3268 433 3338 διαφοράς
455 3270 500 3324 vel
521 3269 698 3340 παρατριβὰς
718 3287 741 3324 ο.
761 3269 864 3323 Reiske
890 3269 985 3338 ἐριδας
1008 3269 1096 3324 Cobet
1115 3267 1179 3324 obs.

160 3359 188 3409 p.
211 3347 262 3396 190
290 3342 362 3394 nihil
389 3341 557 3395 mutandum
585 3344 628 3396 est
707 3347 741 3394 23
767 3342 915 3408 προελθὼν
938 3341 960 3393 Β
985 3342 1137 3408 παρελθὼν
1155 3341 1181 3393 R

161 3416 226 3481 post
249 3428 345 3466 vocem
371 3414 519 3480 προελθὼν
544 3413 575 3466 in
600 3412 668 3468 edit.
687 3412 775 3466 Paris.
801 3411 902 3464 desunt
923 3411 994 3464 haee
1014 3410 1112 3465 verba:
1141 3411 1181 3472 εἰς

161 3483 211 3553 τὴν
231 3481 380 3553 ἐκκλησίαν
398 3483 447 3537 καλ
466 3481 549 3553 λόγον
568 3483 692 3552 εύπρεπη
712 3483 863 3548 διεξελθὼν
