2656 3932
578 223 735 272 -Ι-
1101 219 1164 284 109

144 347 263 424 νύνιες
290 356 364 411 τῶν
400 352 556 429 πολιτῶν,
592 347 738 423 πολλοὺς
774 340 805 410 δ’
836 343 1079 430 ἀφαιρούμενοι
1108 345 1166 422 τὰς
1204 415 1271 432 ...-

145 454 261 532 οὐσίας
289 452 419 530 ἀδίκως.
472 453 528 518 ἵνα
557 449 587 517 δ’
607 451 720 530 αὐτοῖς
750 451 922 538 εὐπρεπῶς
943 452 984 516 τά
1006 450 1204 536 χινόμεναὸ

144 557 202 652 ἔχη
231 553 407 646 παριίνὸμα
435 560 491 626 καί
520 560 615 625 δεινά
642 559 724 624 ὄντα
750 559 795 637 ὡς
822 558 864 643 δὴ
892 560 958 623 σὺν
979 569 1025 644 τῷ
1049 558 1165 645 δικαίῳ

144 667 366 752 πραττόμενα,
403 666 597 753 δικαστήρια
632 663 686 750 ἀφ’
718 663 843 753 ἑκάστηι
879 668 1019 751 χρήματι
1053 662 1166 730 ἀπεδί

144 774 261 841 δοσανι
294 768 380 856 ἦσαν
412 772 451 838 δὲ
480 773 575 838 εἴτε
603 775 782 860 κατήγοροι
808 769 866 838 ὑπ’
890 771 1001 837 αὐτῶν
1028 769 1166 838 ἐκείνων
1197 791 1210 832 ε

128 877 181 945 ίκ
212 890 279 945 τῶν
311 881 686 963 συγκατασκευαζόντων
715 881 777 964 τὴν
805 878 990 965 τυραννίδα
1019 877 1166 962 ὑποπεμ

144 988 293 1071 πόμενοι,
316 987 372 1052 καὶ
386 988 469 1066 <τά>
484 987 679 1072 δικαστήρια
700 984 737 1052 ίκ
759 996 827 1052 τῶν
850 984 991 1072 ἑταίρων
1013 984 1166 1052 ἀποδεικ-

144 1094 286 1178 νύμενα,
315 1095 351 1158 οἳ
378 1093 589 1178 διημείβοντο
620 1092 775 1177 ἀλλήλοις
796 1094 1086 1179 καταχαριζόμενοι
1108 1093 1167 1170 τάς

145 1201 247 1278 δίκας.
279 1202 386 1267 πολλὰ
408 1200 447 1266 δὲ
468 1211 537 1267 τῶν
554 1198 767 1285 ἐγκλημάτων
785 1200 841 1266 καὶ
864 1201 905 1265 οὐ
928 1200 969 1265 τδι
992 1197 1165 1284 ἐλαχίστου
1184 1198 1206 1264 4

145 1305 219 1386 ἀξια
241 1305 295 1392 ἐφ’
312 1306 441 1374 ἑαυτῶν
464 1309 497 1373 ολ
519 1305 599 1374 δέκα
621 1303 766 1391 ἔκρινον,
794 1305 870 1372 ὥστ’
886 1305 1110 1391 ἠναγκάζοντο
1134 1307 1167 1372 ολ
1184 1328 1210 1367 ιο

145 1423 412 1498 μειονεκτοῦντες
447 1425 493 1500 τῷ
530 1413 647 1502 δικαίη)
684 1413 885 1497 προσνέμειν
920 1411 1059 1490 ἑαυτοὺς
1095 1423 1167 1491 ταῖς

146 1519 317 1607 ἑταιρίαις,
347 1518 460 1604 ἐπειδὴ
489 1520 528 1585 τὸ
555 1519 702 1604 ἀσφαλὲς
731 1521 793 1586 οὐκ
816 1518 897 1606 ἐνῆν
919 1519 1027 1598 ἀλλοις
1053 1520 1167 1598 αὐτοῖς

146 1623 244 1712 ἔχειν,
271 1627 326 1692 καὶ
353 1624 483 1711 ἐγένετο
511 1629 577 1692 σὺν
599 1628 708 1714 χρόνῳ
733 1631 850 1693 πλείου
872 1635 932 1693 τοῦ
955 1625 1167 1712 ὑγιαίνοντος

145 1731 183 1799 ἐν
212 1742 253 1824 τη
283 1735 378 1802 πόλει
407 1735 444 1799 τὸ
467 1732 719 1820 διεφθαρμένον
740 1734 797 1800 καὶ
819 1721 953 1800 νοσοῦν.
999 1725 1166 1822 οὐδὲγὰρ

145 1837 272 1925 ηξίουν
292 1836 340 1905 ἔτι
371 1839 484 1924 με’νειν
513 1839 607 1918 ἐντὸς
636 1843 780 1926 τείχους,
812 1832 863 1918 οἷς
889 1842 930 1906 τά
958 1843 1167 1928 πραττόμενα
1185 1861 1211 1901 ιε

64 1965 135 2015 2154
145 1947 211 2013 ὑπὸ
241 1957 308 2013 τῶν
338 1948 551 2034 δεκαδάρχων
580 1946 702 2034 ἀνιαρά
727 1943 781 2032 ἦν,
809 1944 881 2013 ἀλλ’
899 1947 1091 2035 ἀνεχώρουν
1119 1950 1166 2026 είς

144 2058 223 2132 τοὺς
251 2054 376 2140 ἀγροὺς
402 2056 463 2121 τὸν
485 2066 553 2121 τῶν
575 2053 796 2142 ἀρχαιρεσίων
819 2063 1021 2132 σκοποῦντες
1042 2057 1166 2141 χρόνον
1245 2072 1247 2077 ·

145 2162 190 2240 ὡς
218 2161 482 2246 ἀποθησομίνων
511 2171 579 2227 τῶν
606 2161 686 2228 δέκα
713 2161 848 2247 ἀνδρῶν
878 2162 936 2238 τάς
959 2160 1166 2249 δυναστείας,

145 2269 225 2335 ὅταν
252 2269 312 2334 τὸν
335 2266 506 2334 ἐνιαύσιον
524 2266 717 2335 ἐκτελέσωσι
739 2270 873 2356 χρόνον,
896 2267 951 2333 καί
974 2265 1166 2346 ἀποδειξάν-

144 2398 212 2442 των
248 2373 360 2461 ἑτέρας
389 2375 506 2478 ἀρχάς.
566 2377 599 2441 ol
635 2375 673 2440 δὲ
708 2375 785 2461 περὶ
820 2377 881 2440 τὸν
909 2371 1052 2440 ’Άππιον
1087 2323 1218 2480 τοὺςῖ

145 2485 283 2559 λοιποὺς
319 2481 571 2568 συγγράψαντες
606 2484 731 2566 νόμους
767 2479 805 2547 ἐν
837 2480 965 2559 δέλτοις
1001 2482 1079 2548 δυσί
1110 2483 1166 2549 καί

144 2591 266 2666 ταύτας
293 2597 366 2666 ταῖς
396 2590 561 2675 πρότερον
592 2586 834 2673 ἐξενεχθείσαις
865 2587 1093 2676 προσέθηκαν·
1128 2588 1166 2656 ἐν

145 2688 197 2774 αίς
227 2695 283 2761 καί
315 2695 372 2761 ὅδε
404 2694 422 2760 ὁ
454 2696 556 2778 νόμος
587 2691 641 2780 ἦν,
672 2697 716 2781 μὴ
746 2693 868 2774 ἐξεῖναι
890 2705 960 2774 τοῖς
982 2699 1166 2784 πατρικίοις

144 2804 228 2889 πρὸς
259 2805 338 2880 τοὺς
369 2802 567 2887 δημοτικοὺς
598 2800 773 2887 ἐπιηαμίας
804 2803 963 2884 συνάψαι·
997 2801 1041 2869 δι’
1064 2804 1166 2869 οὐδὲν

145 2911 190 2988 ὡς
211 2909 284 2994 ἐμοὶ
307 2911 420 2981 δοκεῖν
438 2908 589 2996 ἕτερονῆ
613 2911 651 2976 τὸ
674 2911 718 2995 μὴ
741 2916 923 2978 συνελθεῖν
941 2913 989 2988 είς
1007 2910 1166 2993 ὁμόνοιαν
1184 2931 1210 2972 ιε

145 3017 185 3082 τά
208 3014 292 3100 ἔθνη
315 3017 430 3101 χάμων
449 3016 648 3101 ἐπαλλαχαίς
670 3018 725 3082 καί
749 3018 959 3103 οίκειοτητων
976 3019 1166 3095 κοινωνίαις

146 3123 425 3209 συχκερασθέντα
470 3125 515 3201 ὡς
538 3124 576 3189 δὲ
597 3124 653 3190 καί
676 3123 694 3190 ὁ
718 3134 786 3190 τῶν
808 3123 1028 3210 ἀρχαιρεσίων
1046 3122 1165 3209 ἀπέστη
1184 3125 1205 3189 6

219 3339 233 3387 1
258 3299 585 3408 ἀφ<αι>ροάμενοίΒλι
663 3340 678 3390 ‘1
702 3336 751 3390 καλ
773 3334 809 3390 τὰ
833 3335 999 3405 δικαστήρια
1023 3335 1166 3405 Kiessling

146 3403 181 3460 τδι
206 3421 259 3459 om.
282 3405 304 3460 Ο
335 3406 337 3477 λ
368 3404 544 3478 ἑτ<αί>ρων
567 3406 615 3460 Bb
696 3412 729 3460 28
749 3404 797 3461 ὅδε
816 3403 901 3475 νόμος
919 3406 942 3461 0
960 3409 1073 3476 praeter
1091 3407 1162 3479 Bb}

146 3471 182 3546 ἦν
201 3492 254 3531 om.
269 3477 294 3529 A
367 3481 400 3530 λθ
420 3478 457 3539 ὡς
476 3477 529 3533 del.
550 3476 637 3533 Cobet
657 3477 722 3533 Obs.
741 3495 768 3547 p.
784 3482 835 3532 201
