2662 3920
592 197 748 246 -1..
1160 195 1177 258 η

158 316 299 404 ἔφασαν,
331 315 357 384 ὦ
390 320 567 406 δήμαρχοι,
597 321 710 403 νόμων
740 321 899 406 εἰσφορᾶς
928 319 949 404 ή
981 319 1180 406 ἀναιρέσεως

158 425 313 504 ἐξουσίαν
343 423 445 512 έχετε;
477 427 539 493 οὐκ
568 425 624 492 ἐπὶ
653 427 766 514 ῥητοῖς
794 427 856 509 μὲν
885 428 1026 504 δικαίοις
1055 427 1180 512 ταύτην

157 535 219 617 τήν
248 533 355 620 ἀρχήν
382 535 471 621 παρὰ
497 545 555 620 της
577 537 703 618 βουλής
725 532 873 619 ἐλάβετε,
895 543 965 612 τοῖς
988 530 1018 598 δ’
1046 533 1180 599 ἀδικου·

39 713 43 722 ,
156 640 269 723 μένοις
286 641 307 726 ή
324 641 595 727 κατισχυομένοις
608 651 676 708 τῶν
689 645 841 726 πενήτων
854 644 997 725 βοηθεῖν
1010 639 1179 730 ᾐτήσασθε

156 749 235 824 τοὺς
258 748 463 834 δημάρχους,
487 749 567 814 ἀλλο
589 748 627 814 δὲ
645 748 750 833 μηδὲν
767 754 1073 834 πολυπραγμονεῖν;
1097 748 1127 812 εί
1145 746 1175 811 δ’
1211 767 1223 806 ι

157 848 221 919 οὖν
242 855 299 920 καί
321 857 485 941 πρότερον
506 851 550 939 ήν
573 878 623 932 τις
644 855 726 938 ὑμῖν
749 856 905 938 δύναμις,
922 855 966 939 ήν
985 855 1047 920 οὐκ
1064 853 1101 920 ἐκ
1118 863 1178 920 τοῦ

157 962 289 1027 δικαίου
319 962 514 1045 βιασάμενοι
542 963 627 1046 ἡμεῖς
657 961 804 1046 ἐλάβετε,
833 961 1178 1046 ὑποκατακλινομένης

157 1066 282 1156 ἑκάστῳ
315 1073 573 1154 πλεονεκτήματι
604 1078 662 1153 τῆς
693 1072 832 1154 βουλῆς,
864 1067 940 1152 οὐχὶ
970 1069 1026 1133 καὶ
1055 1069 1179 1153 ταύτην

156 1183 222 1240 νῦν
245 1175 473 1242 ἀπολωλέκατε
495 1185 535 1262 τῇ
559 1179 724 1262 μεταβολή
747 1187 815 1241 τῶν
838 1173 1071 1261 ἀρχαιρεσιῶν;
1102 1176 1178 1241 οὔτε
1197 1176 1217 1240 3

156 1283 220 1366 γάρ
250 1285 375 1368 βουλῆς
402 1284 510 1367 δόγμα
536 1282 623 1366 ὑμᾶς
644 1282 756 1349 οὐκέτι
779 1282 1017 1348 ἀποδείκνυσιν
1040 1280 1094 1348 ἐπὶ
1116 1283 1178 1366 τήν
1197 1304 1223 1343 ιο

157 1387 272 1472 ἀρχήν,
303 1391 381 1455 οὔτε
411 1391 445 1455 αῖ
475 1398 621 1475 φρᾶτραι
650 1391 712 1474 τήν
740 1399 857 1474 ψήφου
883 1389 968 1475 ὑπὲρ
991 1388 1086 1471 ὑμῶν
1109 1387 1178 1454 ἐπι-

157 1494 332 1580 φέρουσιν,
362 1497 439 1562 οάτε
473 1498 544 1581 ἱερὰ
576 1498 762 1581 προθύεται
793 1506 863 1574 τοῖς
892 1503 987 1573 θεοῖς
1015 1497 1081 1582 πρὸ
1110 1507 1178 1562 τῶν

76 1615 145 1664 1992
156 1598 388 1688 ἀρχαιρεσιῶν,
416 1603 437 1668 ἀ
464 1605 546 1669 κατὰ
569 1605 693 1686 νόμους
716 1601 816 1690 ἐχρῆν
840 1601 1078 1686 ἐπιτελεῖσθαι,
1102 1603 1178 1667 οὔτε

157 1709 238 1774 ἀλλο
260 1719 329 1776 τῶν
346 1711 431 1796 πρὸς
447 1714 526 1788 τοὺς
544 1713 648 1788 θεοὺς
666 1711 816 1794 εὐσεβῶν
833 1710 853 1794 ή
873 1710 956 1795 πρὸς
975 1708 1178 1794 ἀνθρώπους

157 1815 260 1882 ὁσίων
296 1817 402 1883 οὐθὲν
438 1816 493 1884 ἐπὶ
529 1827 588 1902 τής
624 1817 726 1903 ἀρχῆς
761 1828 820 1902 τῆς
850 1815 1010 1900 ὑμετέρας
1041 1818 1177 1899 γίνεται.
1197 1837 1222 1878 ιε

26 1973 30 1976 -
155 1925 247 2000 τίνος
276 1919 339 1990 οὖν
368 1924 449 2008 ὑμῖν
478 1922 527 1990 ἔτι
555 1924 685 2008 μέτεστι
714 1934 781 1990 τῶν
811 1925 909 2010 ἱερῶν
931 1923 987 1988 καλ
1010 1925 1177 2006 σεβασμοῦ

155 2030 334 2116 δεομένων,
364 2026 412 2097 ὧν
442 2031 480 2097 ἕν
509 2055 542 2096 τι
568 2033 624 2097 καί
647 2032 665 2097 ὁ
689 2033 791 2114 νόμος
816 2026 870 2115 ήν,
902 2027 1177 2116 ἐξαρνησαμένοις

155 2137 284 2202 ἅπαντα
306 2141 346 2204 τά
369 2141 506 2222 νόμιμα;
534 2138 643 2215 Ταῦτά
661 2161 696 2203 τε
715 2139 757 2222 δή
775 2147 845 2215 τοῖς
864 2137 1043 2222 δημάρχοις
1061 2133 1177 2220 έλεχον
1196 2139 1217 2201 4

154 2245 188 2308 οἱ
216 2246 437 2331 πρεσβύτεροι
463 2246 519 2312 καλ
542 2247 575 2311 οἱ
597 2245 669 2312 νέοι
692 2245 803 2310 αὐτῶν
825 2243 903 2310 καθ’
925 2242 1070 2325 ἑταιρίας
1093 2241 1177 2322 διεξ-

155 2353 262 2429 ιόντες
282 2351 347 2417 ἀνά
370 2355 431 2437 τήν
454 2354 553 2418 πόλιν
577 2353 632 2418 καῖ
655 2355 734 2428 τοὺς
752 2351 813 2433 μέν
832 2349 1092 2436 ἐπιεικεστέρους
1110 2361 1177 2416 τῶν
1195 2374 1221 2412 εο
1320 2373 1321 2380 “

154 2458 308 2542 δημοτῶν
331 2459 473 2540 ὁμιλίαις
496 2458 728 2541 ἀνελάμβανον
749 2456 1013 2542 κεχαρισμέναις,
1040 2460 1120 2536 τοὺς
1141 2455 1172 2522 δ’

155 2565 305 2642 ἀπειθεῖς
334 2565 391 2631 καί
419 2566 620 2651 ταραχώδεις
647 2565 796 2642 ἀπειλαῖς
823 2568 1083 2649 κατεπλήττοντο
1106 2589 1176 2631 κιν-

154 2673 279 2756 δύνων,
303 2673 333 2738 εί
354 2674 399 2758 μή
423 2677 709 2759 συμφρονήσειαν·
733 2673 797 2756 ήδη
821 2671 861 2738 δέ
880 2695 973 2749 τινας
995 2683 1064 2737 τῶν
1086 2672 1175 2737 πάνυ

154 2777 290 2864 ἀπόρων
321 2780 377 2846 καί
409 2779 672 2867 ἀπερριμμένων,
703 2770 753 2856 οίς
782 2779 926 2856 οὐθενὸς
955 2791 1023 2846 τῶν
1052 2790 1176 2845 κοινῶν

154 2888 243 2970 παρά
273 2888 313 2952 τά
343 2887 412 2952 ἴδια
437 2887 540 2974 κέρδη
568 2887 708 2973 φροντίς
731 2883 784 2970 ήν,
807 2887 962 2963 παίοντες
985 2886 1095 2972 ὥσπερ
1119 2886 1176 2952 ἀν·
1194 2906 1220 2947 οε

155 2994 306 3078 δράποδα
329 2994 487 3082 ἀνεῖργον
511 2993 547 3060 ἐκ
569 3003 627 3078 της
650 2994 781 3080 ἀχοράς.

226 3212 241 3259 9
275 3205 460 3276 ἀρχαιρεσίων
488 3207 511 3260 Β
544 3207 729 3278 ἀρχαιρεσιῶν
756 3207 783 3261 R
865 3212 899 3261 10
932 3203 1025 3260 οὐκέτι
1057 3205 1122 3260 add.
1151 3205 1174 3258 B

155 3284 188 3332 13
216 3275 403 3347 ἀρχαιρεσίων
430 3278 483 3332 ΑΒ
562 3284 595 3332 17
621 3277 652 3334 ἕν
677 3297 704 3332 τι
726 3277 750 3331 Β
779 3276 819 3332 έτι
844 3277 869 3331 R
947 3284 980 3331 18
1008 3276 1043 3331 τά
1071 3274 1175 3346 νόμιμα

153 3348 267 3404 ἅπαντα
290 3347 312 3404 Ο
336 3351 450 3418 praeter
471 3351 495 3404 B
574 3355 606 3404 19
632 3347 703 3404 καθ’
727 3346 852 3418 ἑταιρίας
870 3350 895 3402 Α
917 3348 991 3403 κατὰ
1009 3347 1031 3402 έ.
1050 3349 1076 3401 R
1100 3347 1174 3402 ἑται-

154 3418 270 3492 ρ<ί>ας
288 3419 335 3474 Bb
396 3427 428 3476 21
449 3421 614 3491 δημοτῶνΒ
633 3423 753 3475 πολιτῶν
767 3420 793 3474 R
854 3425 888 3474 λθ
908 3419 1135 3490 ονμφρονήσειαν
1149 3421 1174 3472 Α

155 3491 366 3560 σωφρονήσειαν
385 3493 411 3545 R
483 3497 517 3546 25
537 3491 597 3546 ἴδια
616 3491 708 3547 om.B
