2662 3920
578 243 611 252 -
650 217 665 266 1
701 240 738 252 ···
1121 215 1190 280 57v
1224 217 1227 225 '

145 340 270 418 πάντας
296 317 371 426 έξής
398 343 558 425 ζητήσειν,
587 340 605 406 ό
632 362 665 404 τι
688 339 840 424 λέγοντες
855 337 882 422 ’ή
906 338 1106 425 πρέποντες
1128 341 1166 405 τὸ

144 447 205 532 μδν
227 455 296 513 τοῦ,
311 447 419 532 δήμου
442 446 562 533 κρύτος
585 445 781 531 αὐξήσουσι,
809 448 867 523 τὰς
894 445 932 511 δὲ
959 455 1017 530 τής
1043 449 1167 531 βουλής

144 556 239 638 τιμδις
261 555 492 620 καταλύσουσι.
533 554 589 619 καλ
612 552 751 638 σφόδρα,
768 551 899 637 ἐκίνησε
921 554 1001 630 τοὺς
1023 555 1168 630 πολλοὺς

145 661 163 728 ό
191 664 298 746 λόγος.
337 658 457 727 ’ἔπειτα
482 659 666 745 μετήγαγεν
693 659 817 738 αύτούς
844 659 862 726 ὁ
890 662 1048 736 Κοίντιος
1074 658 1206 724 &od-5

146 785 246 853 σκων,
269 769 321 835 ὅτι
342 769 427 854 πρὸς
449 777 507 852 της
529 771 654 852 βουλής
676 765 747 833 ἐστι
769 768 806 832 τὸ
830 768 975 844 πολλοὺς
998 761 1085 833 εἶναι
1106 775 1167 832 τοῦ
1200 789 1212 828 ε

62 895 135 944 20⁷0
145 877 252 962 δήμου
275 875 469 962 προστάτας.
505 871 606 959 ἧττον
628 876 692 960 γὰρ
716 873 914 959 ὁμονοήσειν
931 873 1011 951 τοὺς
1033 876 1169 952 πλείους

145 994 213 1049 τών
236 981 432 1067 ἐλαττόνων,
459 984 540 1064 μίαν
565 981 603 1048 δέ
630 985 794 1066 βοήθειαν
822 974 909 1047 εἶναι
935 990 1005 1059 τοῖς
1031 991 1168 1066 κοινοῖς,

144 1091 188 1174 ήν
202 1087 347 1158 ’Ἀππιον
365 1089 541 1156 Κλαύδιον
563 1090 623 1154 τὸν
643 1090 747 1154 Γαΐου
771 1086 896 1173 πατέρα
918 1097 1053 1174 πρῶτον
1073 1089 1168 1172 ἰδεῖν,

145 1196 205 1263 ἐὰν
233 1197 387 1288 στασιώζη
416 1198 454 1262 τὸ
483 1195 618 1282 ἀρχεῖον
646 1195 702 1260 καὶ
729 1195 773 1279 με)
802 1204 883 1260 πᾶσι
909 1197 947 1260 τὸ
971 1191 1052 1262 αύτὸ
1076 1197 1168 1282 δοκῇ.

82 1373 84 1378 .
145 1303 254 1371 ἐδόκει
276 1327 311 1369 τε
334 1304 375 1389 δή
399 1313 504 1369 ταῦτα
525 1302 581 1368 καλ
603 1304 731 1386 γίνεται
754 1301 862 1386 δόγμα
884 1304 1022 1388 βουλῆς·
1047 1300 1169 1381 ἐξεῖναι
1187 1276 1213 1405 ᾗ

145 1423 191 1497 τῷ
215 1412 307 1498 δήμφ
332 1409 411 1476 δέκα
434 1410 624 1495 δημάρχους
650 1405 728 1484 καθ’
747 1408 887 1475 ἕκαστον
909 1407 1066 1476 ἐνιαυτὸν
1088 1409 1169 1476 ἀπο-

146 1519 333 1599 δεικνύναι,
356 1528 424 1583 τῶν
447 1517 485 1582 δὲ
505 1519 580 1582 τότε
603 1517 711 1583 όντων
730 1515 767 1582 ἐν
785 1516 870 1603 ἀρχή
893 1517 1033 1601 μηθένα
1058 1525 1168 1584 ’τοῦτο

146 1627 183 1690 τὸ
221 1625 456 1709 προβούλευμα
493 1625 526 1689 ολ
562 1624 638 1709 περὶ
674 1625 734 1690 τὸν
773 1623 974 1711 Οὐεργίνιον
1011 1627 1169 1707 λαβόντες

148 1729 327 1816 ἐξήνεγκαν
358 1732 413 1797 καλ
448 1732 659 1816 κυρώσαντες
694 1733 755 1796 τὸν
791 1729 841 1797 ἐπ’
872 1731 962 1817 αὐτῷ
999 1731 1170 1818 γραφέντα

146 1839 253 1921 νόμον
280 1837 359 1904 δέκα
386 1838 576 1924 δημάρχους
603 1839 651 1916 εἰς
677 1839 737 1904 τὸν
764 1837 901 1905 ἐπιόντα
928 1837 1091 1906 ἐνιαυτὸν,
1109 1839 1170 1904 ότι·
1188 1858 1214 1898 1⁶

148 1943 284 2023 έδειξαν.
334 1945 547 2030 παυσαμένης
575 1942 613 2011 δέ
641 1954 700 2028 τῆς
729 1946 874 2024 στάσεως
900 1945 1207 2031 καταγρώμαντεςλ

146 2053 205 2130 τὰς
237 2052 395 2136 δυνάμεις
424 2054 458 2118 ολ
486 2052 608 2118 ὕπατοι
638 2053 903 2137 διεκληρώσαντο
933 2055 992 2130 τὰς
1021 2051 1168 2131 ἐξόδους·

146 2161 312 2247 Μηνυκίφ
344 2160 407 2243 μέν
439 2154 502 2226 οὖν
535 2159 553 2224 δ
585 2161 668 2224 κατὰ
695 2162 855 2242 Σαβίνων
885 2161 1027 2241 πόλεμος
1053 2157 1170 2244 ἐδόθη,

143 2264 279 2353 Ὁρατίῳ
301 2266 339 2332 δὲ
359 2263 469 2332 ὁκατ’
482 2268 652 2350 Αἰκανῶν,
674 2267 730 2332 καλ
752 2267 835 2331 κατὰ
858 2266 1011 2350 σπουδήν
1033 2263 1170 2356 ἐξήισαν

65 2389 135 2438 2071
147 2372 338 2458 ἀμφότεροι.
383 2375 528 2456 Σαβλνοι
550 2373 612 2455 μέν
635 2367 698 2438 οὖν
721 2374 779 2450 τὰς
801 2374 914 2449 πόλεις
936 2373 993 2439 διδ
1020 2369 1171 2458 φυλακής
1188 2390 1214 2430 ²⁰

147 2477 278 2564 ἔχοντες
305 2478 484 2563 ὑπερεῖδον
507 2478 681 2564 ἀγομένων
703 2503 738 2546 τε
765 2481 821 2544 καλ
848 2478 1044 2565 φερομένων
1067 2479 1170 2547 διττόν-

147 2610 214 2653 τυν
232 2597 300 2652 τῶν
317 2587 401 2652 κατὰ
418 2589 498 2664 τοὺς
515 2587 654 2673 ἀγρούς,
675 2587 819 2654 Αἰκανοὶ
838 2586 876 2652 δέ
893 2587 955 2671 τήν
973 2585 1171 2660 ἐναντιώσο-

147 2693 252 2778 μένην
282 2693 451 2778 Ῥφμαίοις
487 2693 632 2778 δύναμιν
668 2693 872 2762 ἀπέστειλαν.
928 2691 1209 2778 ἀγωνισάμενοιὸ

148 2801 187 2867 δὲ
209 2806 374 2886 λαμπρώςΙ
388 2801 450 2886 οὐχ
474 2793 598 2868 οἷοίτε
621 2801 776 2886 ἐγένοντο
799 2801 861 2886 τήν
880 2799 1047 2884 Ῥωμαίων
1070 2801 1171 2886 ὑπερ-

148 2907 313 2992 βαλέσθαι
340 2908 495 2992 δύναμιν,
524 2907 595 2974 ἀλλ’
616 2909 951 2994 ήναγκόσθησανελς
977 2909 1036 2985 τὰς
1058 2910 1171 2987 πόλεις
1189 2924 1214 2964 ²⁵

149 3015 310 3081 ἀπελθεῖν
346 3015 571 3098 ἀποβαλόντες
607 3017 645 3080 τὸ
682 3018 868 3101 πολίχνιον,
908 3015 1013 3100 ὑπὲρ
1033 3009 1074 3080 ού
1111 3017 1171 3080 τὸν

149 3121 262 3206 δγώνα
285 3120 469 3189 ἐποιοῦντο.
511 3112 659 3208 Ὁράτιος
682 3123 720 3188 δὲ
743 3122 946 3209 τρεψόμενος
973 3115 1171 3198 τοὺςπολε-

148 3244 200 3299 sed
215 3245 250 3299 cf.
265 3243 351 3299 verba
364 3262 389 3299 v.
404 3250 420 3297 2
435 3244 486 3306 τὰς
498 3251 547 3314 της
561 3245 662 3315 βουλῆς
677 3243 768 3314 τιμάς.
832 3251 848 3300 6
862 3242 1007 3306 πλείστους
1021 3244 1044 3299 Ο
1058 3242 1171 3306 πλείους

150 3315 273 3386 Sylburg
334 3319 350 3368 9
366 3315 454 3386 ἄρχον
467 3315 491 3370 Ο
506 3316 621 3386 ἀρχεῖον
635 3315 738 3384 Sylbur
819 3321 852 3370 13
867 3313 899 3371 τδ
913 3333 967 3370 om.
983 3314 1006 3369 Ο
1021 3318 1134 3384 praeter
1147 3316 1170 3370 Β

151 3387 186 3440 1'4
200 3386 351 3457 ἐξήνεγκαν
360 3387 409 3441 καλ
419 3389 595 3455 κυρώσαντες
604 3403 658 3441 om.
667 3387 734 3442 edit.
767 3388 862 3443 arisin.
902 3392 935 3442 18
945 3382 996 3442 όόν
1007 3386 1061 3442 del.
1067 3387 1171 3441 Reiske

151 3463 185 3512 19
204 3457 318 3513 κατὰΟ
374 3465 409 3512 24
426 3455 652 3582 δπερΓοιλλόοθαι
668 3458 714 3512 Ba
774 3465 808 3512 25
826 3457 1051 3529 ἡναγκάσθησαν
1069 3467 1171 3528 φυγεῖν

152 3529 193 3592 εἰς
210 3528 262 3598 τήν
280 3526 362 3584 πόλιν
381 3529 406 3583 Α
425 3532 454 3584 et
471 3528 652 3599 Ebmgensm
