2668 3922
573 247 607 256 ··
644 219 691 270 11'
724 247 757 256 -
1111 217 1176 282 239

155 344 448 429 κατασκηπτούσας
470 339 502 408 δ’
520 344 568 420 εὶς
591 342 668 428 ἕλκη
688 343 815 428 μεγάλα
834 342 1052 428 φαγεδαίναις
1070 342 1178 426 ὅμοια,

155 453 307 538 πονηροὶν
338 451 400 534 μὶν
432 451 532 535 ὄψιν,
559 451 676 536 δεινήν
708 450 746 516 δὲ
782 450 952 534 ἀλγηδόνα
982 449 1178 534 παρέχοντα.

155 556 198 644 ην
221 582 256 625 τε
279 558 386 625 οὐθὲν
410 557 490 640 ίαμα
512 567 570 642 τῆς
592 557 816 643 περιωδυνίας
837 566 908 634 τοῖς
933 556 1130 642 κάμνουσιν,
1160 557 1178 622 ὅ
1197 557 1219 621 4

155 667 253 751 τιμή
276 664 419 751 κνησμοὶ
441 664 497 730 καὶ
519 663 708 750 σπαραγμοὶ
729 673 880 750 συνεχεῖς
900 665 1092 748 λωβώμενοι
1109 673 1179 741 τοῖς

155 773 260 860 χρωσὶ
282 771 378 859 μέχρι
400 771 601 856 γυμνώσεως
623 769 757 838 ὀστέων.
802 771 912 838 Ambr.
1212 789 1224 831 ι

223 878 263 945 V.
296 877 347 968 (5)
379 875 464 946 Μετ’
492 877 532 944 οὐ
565 879 652 944 πολὺ
685 878 723 944 δὶ
756 879 790 946 οὶ
826 878 989 964 δήμαρχοι
1020 882 1098 961 Καμ
1099 879 1180 964 ίλλφ

156 972 391 1074 φθονήσαντες
432 984 609 1070 ἐκκλησίαν
649 986 722 1050 κατ’
752 985 855 1051 αὐτοῦ
897 989 1090 1084 συνήγαγον
1125 984 1181 1050 καὶ

156 1093 340 1179 ἐζημίωσαν
358 1093 462 1159 αὐτὸν
481 1091 561 1160 δέκα
578 1091 738 1177 μυριάσιν
755 1091 903 1177 (ἀσσαρί
901 1098 982 1176 ων),
1001 1091 1063 1160 οὐκ
1081 1091 1181 1176 ἀγνο-

157 1209 288 1286 οῦντες,
316 1201 368 1267 ὅτι
395 1200 582 1266 πολλοστήν
608 1221 649 1263 τι.
667 1198 767 1284 μέρος
794 1199 812 1266 6
840 1201 914 1282 βίος
941 1195 985 1284 ήν
1007 1199 1096 1286 αὐτῷ
1120 1207 1180 1264 τοῦ

156 1310 411 1393 κατακρίματος,
443 1306 517 1372 ἀλλ’
541 1306 587 1371 ἵν’
613 1305 776 1392 ἀπαχθεὶς
805 1307 854 1384 εὶς
885 1307 922 1372 τὸ
955 1306 1181 1391 δεσμωτήριον
1201 1325 1226 1366 ιο

156 1415 224 1480 ὑπὸ
256 1423 323 1480 τῶν
356 1413 534 1499 δημάρχων
563 1409 777 1505 ἀσχημονήσῃ
806 1413 824 1478 6
854 1415 933 1490 τοὺς
962 1411 1182 1498 ἐπιφανεστά-

157 1545 237 1600 τους
262 1522 480 1606 κατορθώσας
507 1519 679 1603 πολέμους.
725 1521 763 1586 τὸ
792 1519 854 1603 μὲν
877 1513 940 1586 οὖν
963 1518 1126 1606 ἀργύριον
1149 1519 1182 1583 οὶ

158 1629 296 1698 πελάται
324 1651 360 1693 τε
388 1627 445 1694 καὶ
474 1636 648 1712 συγγενεῖς
675 1627 780 1694 αὐτοῦ
808 1625 1119 1712 συνεισενέγκαντες
1146 1623 1182 1692 ἐκ

158 1747 226 1803 τῶν
250 1736 347 1802 ὶδίων
369 1731 547 1820 χρημάτων
569 1733 748 1820 ἀπέδοσαν,
776 1735 861 1801 ὥστε
887 1735 1048 1820 μηδεμιᾶς
1069 1753 1183 1819 πειρα-

122 1933 126 1939 .
156 1849 264 1927 θήναι
295 1840 438 1927 ὕβρεως,
475 1839 493 1906 6
526 1840 559 1906 δ’
584 1840 670 1928 ἀνήρ
703 1841 875 1929 ἀφόρητον
906 1841 1091 1926 ἡγούμενος
1122 1841 1183 1906 τὸν
1202 1859 1227 1900 ιι

158 1949 433 2036 προπηλακισμὸν
456 1946 614 2034 ἐκχωρεῖν
636 1946 722 2034 ἔγνω
746 1958 804 2033 τῆς
825 1951 961 2026 πόλεως.
1005 1945 1058 2036 (6)
1083 1948 1222 2014 Γενί-2

157 2081 258 2140 μενος
276 2055 314 2122 δέ
332 2058 476 2141 πλησίον
494 2067 562 2122 τῶν
580 2062 697 2122 πυλῶν
715 2055 771 2120 καὶ
791 2058 871 2132 τοὺς
892 2057 1061 2140 παρόντας
1079 2052 1184 2118 ἀσπα-

158 2165 301 2247 σάμενος
329 2161 603 2248 ὀλοφυρομένους
630 2161 686 2226 καὶ
716 2161 938 2245 δακρύοντας,
968 2161 1043 2226 οἵου
1073 2158 1183 2244 στέρε-

159 2277 242 2336 σθαι
264 2269 418 2352 μέλλοιεν
436 2269 571 2355 ἀνδρός,
593 2268 701 2333 πολλοὶ
723 2268 806 2332 κατὰ
828 2277 896 2332 τῶν
916 2275 1063 2353 παρειῶν
1086 2265 1184 2351 ἀφεὶς

160 2376 289 2462 δάκρυα
311 2375 367 2440 καὶ
389 2376 451 2459 τήν
469 2382 700 2460 κατασχοῦσαν
723 2373 827 2440 αὐτὸν
845 2372 1081 2460 ἀσχημοσύνην
1105 2372 1184 2440 ἀνα·
1202 2397 1228 2438 ιο

159 2481 402 2565 κλαυσάμενος,
426 2474 532 2547 εἶπεν·
555 2477 582 2548 ἀ
604 2481 682 2547 θεοὶ
704 2481 760 2547 καὶ
782 2481 953 2567 δαίμονες,
976 2478 1094 2568 ἔφοροι
1116 2490 1184 2548 τῶν

160 2589 389 2676 ἀνθρωπίνων
412 2585 531 2674 ἔργων,
555 2587 641 2672 ὑμεῖς
664 2587 743 2668 ἀξιῶ
767 2589 924 2666 δικαστὰς
945 2587 1105 2673 γενέσθαι
1127 2611 1184 2671 μοι

158 2708 228 2763 τῶν
260 2718 295 2761 τε
326 2697 410 2782 πρὸς
442 2697 504 2780 τήν
531 2697 675 2783 πατρίδα
701 2696 951 2780 πολιτευμάτων
977 2695 1034 2762 καὶ
1060 2697 1184 2772 παντὸς

161 2813 222 2869 τοῦ
241 2805 514 2888 παρεληλυθότος
532 2806 623 2887 βίου·
642 2800 758 2888 ἔπειτ’,
777 2802 836 2870 ἐὰν
854 2804 916 2887 μὲν
932 2801 1051 2888 ἔνοχον
1067 2801 1187 2888 εὕρητέ
1202 2803 1223 2868 3

161 2933 201 2992 με
231 2920 303 2987 ταῖς
332 2911 467 2995 αἰτίαις,
497 2908 553 2995 ἐφ’
577 2901 629 2988 αἷς
656 2909 674 2976 6
703 2910 806 2995 δήμος
832 2909 1080 2996 κατεψηφίσατο
1107 2931 1184 2992 μου,
1202 2930 1228 2971 ιι

163 3018 315 3102 πονηρὰν
327 3017 384 3082 καὶ
398 3015 568 3102 ἀσχήμονα
582 3019 740 3102 τελευτήν
754 3017 874 3083 δοῦναι
892 3025 952 3082 τοῦ
968 3017 1057 3100 βίου,
1075 3011 1135 3080 ἐὰν
1149 3014 1181 3080 δ’

163 3121 201 3188 ἐν
215 3123 349 3206 ἅπασιν,
373 3115 424 3200 οὶς
444 3121 648 3208 ἐπιστεύθην
666 3123 734 3190 ὑπὸ
755 3133 814 3208 τής
836 3123 995 3209 πατρίδος
1012 3120 1051 3188 ἐν
1069 3123 1184 3213 εὶρήνη

162 3252 198 3294 τε
220 3228 277 3295 καὶ
299 3231 381 3295 κατὰ
403 3229 583 3316 πολέμους,
611 3231 731 3315 εὐσεβή
759 3231 815 3297 καὶ
843 3231 973 3296 δίκαιον
996 3229 1052 3296 καὶ
1078 3229 1184 3314 πάσης

235 3402 374 3461 ὀθνείων
394 3406 429 3462 of.
448 3405 557 3476 Jacoby
574 3405 639 3460 Αεα.
658 3406 754 3498 Progr.
773 3424 801 3476 p
817 3411 851 3462 36
923 3406 1032 3462 8ἀσεα
1033 3402 1101 3474 ρίαν
1120 3406 1185 3473 μυσὶ

163 3476 295 3547 μυριάσιν
313 3478 406 3533 Maius
426 3477 538 3532 addidit
611 3482 646 3532 24
664 3497 695 3532 ευ
678 3474 762 3547 υρητέ
780 3497 828 3547 μοι
846 3475 941 3534 Ambr.
961 3495 1031 3534 corr.
1049 3475 1142 3532 Maius
