2662 3920
562 223 721 275 -Ι-
1109 225 1150 288 13

203 349 289 416 VHI.
336 348 434 417 Ταῦτ’
466 353 619 428 εἰπόντος
651 352 755 417 αὐτοῦ
786 353 915 436 κραυγή
947 373 983 414 τε
1015 348 1051 414 ἐκ
1083 361 1151 414 τῶν

130 459 307 541 παρόντων
329 457 460 542 ἐγένετο
483 460 539 524 καί
562 459 646 544 δρμη
670 463 805 524 πολλῶν
828 456 882 523 ἐπὶ
904 458 967 542 την
987 455 1024 523 ἐκ
1041 457 1151 542 χειρὸς

130 565 237 650 δίκην.
282 563 355 631 ἀλλ’
382 567 477 631 οἵτε
503 566 624 632 ύπατοι
649 565 804 648 ἐμποδὼν
827 564 982 649 ἐγένοντο
1005 564 1151 628 καὶτῶν

130 671 309 756 δημάρχων
336 675 369 738 οἱ
390 675 526 752 πλείους
549 676 700 759 πονηρὸν
722 671 802 750 έθος
826 673 888 738 οὐκ
911 670 1080 750 ἀξιοῦντες
1103 671 1151 746 είς

129 780 192 862 την
214 781 314 846 πόλιν
337 770 490 866 εἰσάγειν.
528 779 571 865 ἦν
594 782 632 846 δέ
653 782 710 846 καί
732 789 792 846 τού
813 781 921 865 δήμου
940 781 977 844 τὸ
996 775 1151 864 καθαροί·
1182 799 1194 839 ι

84 872 88 876 ”
129 908 230 952 τατον
253 887 293 952 οὐ
316 891 525 972 βουλόμενον
546 889 743 974 ἀποστερεῖν
761 890 863 972 λόγου
882 889 961 964 τοὺς
979 885 1064 970 ὑπὲρ
1083 895 1151 950 τῶν

129 996 294 1076 μεγίστων
325 995 595 1080 ἀγωνιζομένους.
647 999 721 1062 τότε
753 996 814 1078 μὲν
847 989 910 1061 οὖν
941 993 1058 1078 ἐπέσχε
1089 994 1189 1076 την2

43 1115 117 1164 2001
129 1111 197 1165 τῶν
225 1105 446 1187 θρασυτέρων
476 1104 583 1190 ὁρμὴν
614 1105 632 1188 ἡ
663 1112 723 1169 τοῦ
754 1103 885 1168 δικαίου
915 1104 1072 1187 πρόνοια,
1095 1099 1151 1164 καὶ

130 1208 300 1296 ἀναβολὴν
323 1209 442 1296 ἔλαβεν
464 1214 484 1296 η
509 1213 601 1296 δίκη,
624 1211 665 1276 ού
689 1219 808 1294 μικρᾶς
830 1208 1037 1292 ἐμπεσούσης
1055 1213 1150 1293 φιλο-

129 1321 237 1401 τιμίας
259 1321 315 1385 καὶ
338 1300 505 1404 ζητήσεως
517 1319 602 1401 ὑπὲρ
620 1328 680 1384 τοῦ
700 1319 864 1402 σώματος,
884 1314 941 1382 εἴτ’
960 1315 998 1382 ἐν
1017 1317 1151 1398 δεσμοῖς
1169 1339 1195 1379 ιο

130 1427 211 1492 αὐτὸ
234 1428 287 1492 δεῖ
310 1427 539 1512 φυλάττεσθαι
561 1427 656 1510 τέως,
680 1422 738 1492 εἴτ’
766 1424 928 1510 ἐγγυητὰς
950 1426 1071 1490 δοῦναι
1093 1433 1151 1506 τῆς

129 1532 286 1618 ἀφίξεως,
310 1534 421 1618 ὥσπερ
443 1535 499 1598 καὶ
522 1534 540 1600 ὁ
564 1537 670 1620 πατὴρ
693 1533 802 1618 ἠξίου·
831 1533 887 1598 καὶ
905 1534 925 1617 η
945 1531 1051 1614 βουλὴ
1071 1545 1150 1594 συν·

129 1645 279 1705 ελθοῦσα
315 1639 500 1725 ἐψηφίσατο
540 1645 683 1728 χρήμασι
725 1640 928 1726 διεγγυηθέν
967 1638 1150 1720 ἐλεύθερον

129 1740 215 1811 εἶναι
244 1749 282 1812 τὸ
312 1759 406 1830 σῶμα
434 1749 529 1834 μέχρι
559 1750 660 1834 δίκης.
713 1759 753 1835 τῇ
782 1746 812 1814 δ’
840 1747 914 1832 ἑξῆς
932 1747 1046 1835 ,ἡμέρα
1070 1745 1189 1812 συν·3

128 1856 309 1938 αγαγόντες
340 1857 373 1920 οί
405 1857 567 1942 δήμαρχοι
603 1859 640 1922 τὸ
677 1863 822 1941 πλῆθος,
859 1856 1053 1932 ἐκλιπόντος
1089 1863 1149 1918 τοῦ
1168 1871 1193 1912 ιι

126 1964 299 2046 μειρακίου
322 1965 383 2048 την
407 1964 515 2047 δίκην,
539 1963 712 2050 ἐκύρωσαν
734 1966 796 2048 τὴν
816 1961 887 2030 κατ’
911 1964 1015 2029 αὐτοῦ
1033 1972 1150 2046 ψῆφον

126 2069 182 2134 καὶ
209 2072 288 2146 τοὺς
310 2067 473 2154 ἐγγυητὰς
496 2071 575 2136 δέκα
598 2073 697 2148 ὄντας
720 2070 903 2157 ἐπράξαντο
926 2073 967 2136 τὰ
990 2070 1066 2154 περί
1089 2077 1148 2132 τοῦ

127 2177 276 2258 σώματος
305 2187 363 2260 της
394 2177 686 2256 ἀποκαταστάσεως
714 2177 966 2262 ὁμολογηθέντα
992 2181 1148 2262 χρήματα.

41 2289 115 2337 2002
127 2285 266 2348 Καίσων
295 2283 357 2366 μὲν
387 2279 450 2350 οὖν
477 2286 614 2375 τοιαύτη
641 2286 829 2370 περιπεσὼν
852 2283 1029 2370 ἐπιβουλῇ,
1052 2279 1189 2348 κατα-4

129 2391 384 2473 σκευασαμένων
405 2393 535 2457 ἅπαντα
553 2403 620 2458 τῶν
639 2393 817 2477 δημάρχων
839 2393 894 2457 καὶ
918 2392 1148 2457 Οὐολουσκίου
1167 2406 1194 2446 2⁰

128 2498 235 2581 ψευδῆ
259 2501 545 2583 μαρτυρήσαντος,
564 2500 609 2576 ὡς
627 2498 757 2582 ἐγένετο
777 2501 927 2586 φανερὸν
945 2502 1011 2565 σὺν
1028 2501 1149 2585 χρόνῳ,
1322 2487 1323 2568 ἀ

129 2606 265 2689 φεύγων
295 2607 343 2682 είς
375 2609 566 2692 Τυρρηνίαν
596 2605 711 2694 ᾤχετο·
749 2607 766 2672 ὁ
791 2607 829 2672 δὲ
851 2609 958 2693 πατὴρ
982 2607 1086 2671 αὐτοῦ
1109 2606 1149 2669 τὰ

129 2718 266 2778 πλείστα
288 2723 346 2797 της
369 2713 485 2792 οὐσίας
508 2714 741 2800 ἀπεμπολήσας
763 2716 878 2781 καὶτὰ
899 2712 1149 2798 ὁμολογηθέντα

129 2819 194 2885 ὑπὸ
217 2831 286 2885 τῶν
309 2819 480 2905 ἐγγυητῶν
502 2826 651 2907 χρηματα
674 2823 821 2900 ἀποδοὺς
844 2822 950 2910 ἐαυτῷ
969 2823 1093 2907 χωρίον
1111 2819 1149 2884 ἐν

129 2929 248 3011 μικρὸν
279 2927 540 3012 ὑπολειπόμενος
571 2931 677 3016 πέραν
708 2940 768 2996 τοῦ
804 2931 957 3016 Τεβέριος
988 2936 1148 3010 ποταμοῦ,
1167 2939 1192 2979 2⁶

201 3093 216 3140 2
237 3083 344 3156 ἐγένετο
360 3086 382 3140 Ο
402 3085 507 3156 ἐγίνετο
521 3089 626 3144 Reiske
683 3095 699 3142 3
718 3087 884 3160 ἐγένοντοΟ
904 3086 1030 3158 ἐγίνοντο
1044 3085 1147 3140 Reiske

130 3164 146 3211 6
164 3157 247 3230 ὑπὲρ]
266 3155 322 3213 ὑπὸ
340 3159 387 3212 Ba
406 3175 475 3214 corr.
490 3159 537 3213 Bb
596 3165 613 3214 8
631 3161 649 3230 ἡ
667 3170 717 3216 τού
737 3160 886 3230 δαιμονίου
904 3157 1026 3228 πρόνοια
1045 3175 1067 3212 ο.
1088 3157 1148 3210 ste-

129 3230 240 3298 phanus
277 3237 311 3284 12
330 3229 421 3298 ὥσπερ
436 3230 451 3286 ὁ
467 3231 489 3286 0
504 3233 617 3300 praeter
630 3235 655 3285 A
677 3233 680 3304 y
701 3236 877 3288 συνελθοῦσα
891 3250 944 3286 om.
961 3231 983 3285 Ο
997 3233 1111 3299 praeter
1125 3227 1147 3280 B

131 3306 163 3354 13
183 3301 363 3373 διεγγυηθδν]
383 3301 414 3356 δὲ
434 3302 573 3372 ἐγγυηθὲν
590 3304 614 3355 Β
670 3311 703 3358 15
723 3301 937 3396 522<t>x6vws
955 3302 1002 3355 Bb
1062 3306 1096 3356 20
1116 3298 1148 3352 ἁ-

130 3371 285 3427 πάντωνΑ
341 3379 373 3426 21
394 3377 486 3444 ψευδῆ
506 3375 597 3429 om.B
623 3373 626 3446 λ
652 3376 689 3438 ὡς
706 3377 731 3428 Α
755 3373 787 3429 ὅτ
813 3377 836 3428 Β
892 3381 926 3428 25
945 3371 1148 3442 ὑπολιπόμενος

132 3459 153 3496 ο.
173 3441 261 3498 001)εά
284 3443 348 3499 Oba.
370 3462 398 3512 p.
419 3451 470 3500 188
499 3446 502 3517 ί
529 3443 658 3516 τιβέρεως
675 3447 701 3500 A
722 3444 886 3517 τεβέριοςΒ
911 3447 945 3500 cf.
964 3445 1084 3498 Hultsch
1103 3442 1146 3494 ed.

130 3513 227 3582 Polyb.
241 3514 268 3566 1²
285 3515 373 3584 praef.
393 3534 420 3584 p.
436 3522 471 3570 58
