2654 3916
147 197 213 264 296
387 245 402 270 .
564 227 598 235 -
635 195 681 250 ΙΘ
718 227 752 236 -

147 320 419 410 ἐστεφανωμένος
446 322 557 408 ὥσπερ
580 320 616 388 ἐκ
644 323 847 407 συμποσίου,
875 324 1055 408 παιδίσκην
1077 345 1168 411 περι-

148 430 292 516 ειληφὸς
333 429 515 516 αὐλητρίδα
554 431 744 512 κωμαστικδ
783 429 864 515 μέλη
901 437 1167 517 προσαυλοῦσαν.

106 539 127 602 2
147 534 221 624 (14)
240 538 470 621 Διαλυθείσης
488 536 527 602 δὲ
544 545 602 620 της
620 535 776 602 ἁπάντων
795 539 944 622 σπουδῆς
962 540 1010 616 είς
1032 537 1169 623 γέλωτα,

146 644 203 710 καί
229 655 297 710 τῶν
324 644 386 727 μὲν
413 641 508 732 ᾄδειν
531 643 634 709 αὐτὸν
656 645 872 728 κελευόντων,
902 655 970 710 τῶν
997 645 1035 710 δὲ
1063 645 1169 732 ὀρχεῖ-

116 757 230 818 εσδαι
275 749 477 836 περιβλέψας
523 751 633 838 κύκλῳ
673 751 729 815 καὶ
764 759 805 836 τη
842 751 928 836 χειρί
964 752 1169 837 διασημήνας

146 859 290 944 ἡσυχίαν
312 858 401 946 αὐτῷ
425 866 618 944 παρασχεῖν,
641 854 754 940 ἐπειδὴ
778 857 963 932 κατέστειλε
985 859 1046 925 τὸν
1063 861 1169 944 θόρυ-

146 968 222 1048 βον·
241 962 397 1050 Ἄνδρες,
421 961 501 1049 ἔφη,
524 969 671 1047 πολῖται,
693 963 833 1047 τούτων,
856 958 905 1028 ὧν
928 963 985 1048 ἐμὲ
1007 974 1169 1031 ποιοῦντα

147 1071 244 1157 ὁρᾶτε
276 1080 352 1156 νῦν,
384 1070 486 1138 οὐδὲν
517 1071 599 1154 ὑμῖν
630 1069 757 1149 ἐξέσται
788 1080 908 1155 ποιεῖν,
941 1069 1000 1137 ἐὰν
1031 1072 1169 1156 βασιλέα

106 1178 202 1244 3καί
230 1179 385 1265 φρουρὰν
408 1179 456 1256 εῖς
483 1178 545 1262 τὴν
567 1179 666 1243 πόλιν
695 1179 862 1244 εἰσελθεῖν
889 1176 1013 1263 ἐάσητε.
1060 1179 1105 1257 ὡς
1131 1178 1170 1245 δέ

102 1309 128 1348 ιο
146 1285 366 1368 κινουμένους
397 1284 453 1352 καί
487 1284 711 1370 προσέχοντας
743 1278 811 1350 εἶδε
845 1288 990 1362 πολλοὺς
1025 1286 1082 1353 καί
1117 1309 1169 1352 αε-

148 1393 306 1470 λεόοντας
333 1391 454 1476 λέγειν,
481 1392 595 1471 σώζων
618 1387 666 1456 ἐτι
692 1393 730 1456 τὸ
758 1393 971 1477 προσποίημα
997 1403 1055 1477 τῆς
1078 1416 1169 1479 κραι

147 1500 252 1585 πάλης
274 1501 315 1565 τά
338 1500 575 1583 συμβησόμενα
598 1498 711 1575 αὐτοῖς
732 1498 908 1584 ἠριθμεῖτο
931 1498 1027 1564 κακά·
1056 1496 1105 1564 ἔτι
1131 1499 1169 1565 δὲ

147 1607 251 1672 αὐτοῦ
271 1605 427 1690 λέγοντος
445 1606 564 1670 σίτων
579 1616 689 1672 κακῶν
706 1605 806 1670 αίτιοι
824 1607 1048 1688 συλλαβόντες
1066 1606 1170 1672 αὐτὸν

146 1715 230 1778 κατά
251 1717 398 1798 κεφαλῆς
421 1710 609 1790 ἐξωθοῦσιν
632 1711 668 1778 ἐκ
690 1720 751 1777 τοῦ
774 1711 931 1797 θεάτρου.
971 1712 1082 1778 Ambr.

102 1841 128 1882 ιε
218 1818 322 1887 VHJJ,
347 1817 490 1905 (17,15)
515 1821 678 1896 Βασιλεὺς
698 1819 912 1904 Ἠπειρωτῶν
934 1819 1088 1905 Πύρρος,
1110 1822 1170 1903 βα-

147 1926 264 2004 σιλέως
303 1926 485 2009 Αἰακίδου,
526 1927 667 2013 Ποπλίῳ
712 1925 883 2014 Οὐαλερίῳ
924 1937 970 2012 τῷ
1003 1924 1170 2008 Ῥωμαίων

146 2035 260 2123 ὑπάτω
289 2035 425 2120 χαίρειν.
470 2033 644 2098 πεπόσθαι
671 2032 733 2116 μὲν
761 2034 848 2110 εῖκός
876 2048 913 2098 σε
940 2035 1020 2119 παρ’
1037 2031 1169 2119 ἐτέρων,

147 2142 199 2208 ότι
229 2141 363 2227 πάρειμι
395 2141 475 2224 μετὰ
506 2149 565 2224 τῆς
596 2139 768 2222 δυνάμεως
799 2141 1016 2225 Ταραντίνοις
1047 2163 1082 2206 τε
1114 2140 1170 2206 καί

147 2259 216 2326 τοῖς
239 2249 352 2326 άλλοις
373 2247 570 2324 Ἰταλιώταις
590 2244 880 2329 ἐπικαλεσαμένοις
898 2251 1090 2333 βοηθήσων·
1113 2247 1170 2312 καί

102 2377 129 2416 ιο
147 2355 230 2440 μηδὲ
257 2364 361 2421 ταῦτα
388 2354 534 2438 ἀγνοεῖν,
561 2355 664 2418 τίνων
686 2376 722 2418 τε
749 2353 885 2438 ἀνδρῶν
910 2353 1076 2438 ἀπόγονός
1103 2355 1170 2437 εἰμι

125 2463 203 2528 ’καί
229 2464 323 2540 τίνας
351 2461 450 2538 αὐτὸς
478 2459 714 2544 άποδόδειγμαι
741 2457 875 2546 πράξεις
901 2461 956 2526 καὶ
980 2463 1088 2546 πόσην
1111 2461 1170 2525 δό-

107 2571 128 2634 2
148 2593 248 2651 ναμιν
271 2567 434 2652 ἐπάγομαι
460 2567 516 2632 καί
538 2567 582 2644 ὡς
604 2568 644 2633 τά
667 2565 807 2649 πολέμια
830 2566 973 2653 ἀγαθήν.
1019 2568 1170 2650 οἰόμενος

147 2676 190 2760 δη
218 2693 255 2741 σε
281 2675 411 2741 τούτων
439 2673 578 2740 ἕκαστον
603 2672 871 2758 ἐπιλογιζόμενον
897 2676 942 2760 μὴ
969 2673 1169 2761 περιμένειν,

149 2782 209 2862 ἕως
241 2779 326 2870 ἔργω
358 2781 414 2847 καί
445 2783 544 2868 πείρα
576 2781 687 2871 μάθης
717 2781 779 2866 την
811 2783 894 2847 κατὰ
927 2783 1006 2860 τοὺς
1038 2781 1170 2866 ἀγῶνας

220 2965 234 3012 1
254 2958 450 3030 περωιληφὼς]
469 2958 648 3025 παρειληφὼς
666 2955 754 3011 Cobet
773 2957 838 3012 Obs.
857 2976 885 3026 p.
900 2963 951 3012 216
973 2973 1028 3026 quo
1048 2974 1169 3012 commo-

148 3030 212 3084 dius
230 3031 357 3100 puellula
374 3029 454 3084 tibiis
473 3031 588 3083 eantare
606 3028 721 3096 possilll
795 3035 811 3082 2
834 3031 1051 3098 προσαυδοῦααν
1072 3027 1168 3082 Ambr.

147 3101 224 3156 Maio
255 3103 328 3156 leste
359 3118 432 3169 προσ
442 3099 559 3154 ’δουσαν
592 3099 690 3154 Struve
724 3103 937 3168 προιαυλοιῖσαν
975 3117 997 3154 ο.
1026 3099 1170 3170 Kiessling

150 3179 183 3228 12
207 3172 352 3242 ἠριθμεῖτο
377 3119 472 3226 Αωέε.
493 3188 561 3226 corr.
581 3171 673 3224 Maius
751 3177 785 3225 14
810 3170 883 3225 κατὰ
907 3170 1033 3240 κεφαλὴν
1052 3171 1075 3226 0
1099 3187 1168 3226 corr.

147 3243 245 3298 Nabar
262 3244 364 3298 Mnem.
380 3249 423 3312 30,
438 3247 490 3298 260
545 3249 579 3297 15
597 3243 712 3311 Πόρρος
729 3239 791 3304 υίὸς
809 3239 941 3314 βασιλέως
959 3259 982 3297 ο.
998 3241 1087 3298 Cobet
1103 3241 1168 3297 Obs.

147 3333 175 3385 p.
190 3321 243 3370 216
316 3321 350 3369 22
369 3312 541 3385 ἐπαγόμενος
558 3313 654 3369 Ambr.
674 3312 813 3383 ἐπάγομαι
832 3313 930 3367 Struve
956 3313 959 3386 l
988 3311 1115 3382 οἰόμενος
1133 3313 1168 3383 δὴ

148 3387 244 3442 Ambr.
271 3383 398 3456 οἰόμενος
424 3386 455 3441 δὲ
481 3385 580 3440 Struve
653 3391 686 3439 23
709 3381 867 3453 περιμένειν
891 3384 987 3440 Ambr.
1009 3393 1169 3454 περιμενεῖν

149 3459 248 3513 Struve
307 3464 341 3512 24
360 3456 411 3520 ἕως
425 3455 462 3512 διν
476 3474 498 3513 ο.
509 3457 664 3526 Κὶοεεῖὶυςς
680 3457 715 3510 οῖ.
729 3455 877 3509 Βειιυιοηο
892 3457 926 3511 de
940 3474 994 3511 usu
1007 3457 1081 3512 mod.
1095 3474 1124 3526 p.
1134 3462 1168 3510 4⁷
