2656 3932
514 173 518 180 ’
575 237 607 246 -
646 210 756 264 ιι-
1112 211 1176 275 179

156 334 360 419 παρθενικύ,·
381 335 439 400 καί
454 354 521 399 που
539 333 627 410 τινες
644 334 701 399 καλ
721 334 900 417 πλοκάμων
922 334 1178 421 ἀποκειρύμεναι

156 442 370 527 βοστρύχους.
423 441 544 526 ἄνδρες
572 463 607 506 τε
637 441 756 526 συχνοί
786 442 1011 524 λαμβάνοντες
1042 440 1079 508 ἐκ
1109 443 1215 508 τῶνἸ

156 550 299 633 πλησίον
321 546 549 635 ἐργαστηρίων
571 549 612 614 τὰ
634 548 696 630 μὲν
719 548 799 634 ὠνῇ,
826 550 867 616 τδ
894 548 933 614 δέ
962 549 1070 635 χάριτι
1097 566 1177 615 συν-

156 658 363 738 επεκύσμουν
385 665 455 733 τοῖς
477 657 685 740 προσφόροις
708 656 880 742 δωρήμασι
903 658 966 740 την
988 654 1177 741 ἐκκομιδην,

156 763 240 828 ὥστε
269 764 470 847 περιβόητον
499 762 564 828 ἀνα
593 763 654 847 την
684 764 783 828 πόλιν
812 761 973 847 γενέσθαι
1000 763 1038 828 τὸ
1065 763 1176 848 κῆδος,
1209 785 1221 826 ι

155 871 211 936 καὶ
233 871 428 956 προθυμίαν
451 869 599 946 ἅπαντας
620 873 820 953 καταλαβεῖν
842 879 900 954 της
922 880 990 935 τῶν
1011 869 1177 956 ὀλιγαρχι-

75 988 225 1044 εεσεκῶν
251 976 468 1054 καταλύσεως.
514 976 586 1042 ἀλλ’
604 978 637 1043 ολ
665 987 872 1063 φρονοῦντες
898 978 939 1044 τδι
963 986 1021 1062 τῆς
1044 976 1177 1062 ὀλιγαρ-

154 1087 227 1170 χίας
256 1085 342 1150 ὅπλα
369 1081 500 1169 ἔχοντες
526 1083 610 1168 μέγα
636 1095 797 1170 παρεῖχον
824 1084 937 1162 αὐτοῖς
964 1083 1054 1168 δέος,
1081 1085 1177 1150 οἵτε

155 1192 232 1278 περὶ
261 1193 321 1257 τὸν
353 1190 539 1276 Οὐαλέριον
569 1191 630 1256 ούκ
658 1189 776 1274 ἠξίουν
805 1193 917 1275 αἵματι
948 1196 1106 1280 πολιτικῷ
1138 1193 1176 1257 τὸ

154 1308 264 1376 νεῖκος
287 1299 439 1383 διαιρεῖν.
1196 1321 1222 1361 ιο

226 1404 359 1471 xm
394 1407 441 1472 Τὰ
469 1405 532 1488 μέν
561 1406 603 1490 δη
632 1407 715 1472 κατὰ
744 1407 843 1472 πόλιν
873 1403 911 1471 ἐν
939 1406 1107 1483 τοιαύταις
1133 1402 1177 1490 ἦν

156 1521 321 1597 ταραχαῖς.
360 1513 557 1598 Οὐεργίνιος
579 1512 629 1605 δ’,,
648 1512 689 1578 δν
712 1509 799 1598 ἔφην
819 1512 994 1599 αὐτόχειρα
1016 1511 1177 1597 γενέσθαι

51 1667 54 1673 .
155 1629 214 1704 τῆς
232 1617 353 1684 ἑαυτοῦ
371 1621 556 1704 θυγατρός,
580 1619 645 1684 ἀπὸ
664 1619 808 1706 ῥυτῆρος
826 1618 977 1686 ἐλαύνων
994 1621 1054 1686 τὸν
1073 1620 1177 1686 ἵππον

156 1724 345 1810 ἀφικνεῖται
374 1726 450 1811 περί
480 1727 613 1812 λύχνων
642 1726 731 1811 διφδις
759 1725 814 1792 ἐπὶ
843 1728 903 1793 τὸν
930 1728 1014 1814 πρὸς
1037 1726 1176 1814 Ἀλγιδῷ

155 1833 297 1918 χύρακα,
319 1842 470 1911 τοιοῦτος
488 1825 558 1912 οἷος
576 1832 613 1900 ἐκ
630 1840 689 1919 τῆς
707 1835 834 1911 πόλεως
854 1832 1042 1921 ἐξέδραμεν,
1066 1835 1177 1919 αἵματι
1196 1855 1221 1896 ιι

155 1939 367 2026 πεφυρμένος
399 1941 483 2020 ἅπας
515 1942 571 2008 καί
606 1943 668 2026 την
704 1942 899 2026 μαγειρικὴν
935 1942 1084 2027 σφαγίδα
1121 1942 1176 2006 διὰ

154 2048 264 2133 χειρὸς
284 2045 377 2133 ἔχων.
415 2049 543 2127 ἰδόντες
562 2046 592 2113 δ’
607 2049 711 2114 αὐτὸν
731 2050 764 2114 οἱ
786 2049 851 2133 πρὸ
870 2057 930 2114 τοῦ
950 2026 1215 2134 στρατοπέδοιῇ

57 2207 61 2211 .
154 2155 213 2230 πδις
249 2156 400 2239 φυλακὰς
436 2156 660 2241 φυλάττοντες
695 2153 733 2220 έν
769 2152 883 2241 ιἰπόρφ
920 2151 949 2218 τ’
975 2151 1062 2238 ἦσαν
1094 2155 1112 2220 ὅ
1144 2178 1177 2220 τι

154 2260 327 2326 πέπονθεν
346 2261 488 2345 εἰκάσαι,
511 2262 567 2328 καλ
585 2261 869 2347 παρηκολούθουν
889 2262 934 2338 ὡς
957 2261 1177 2344 ἀκουσόμενοι

154 2367 238 2452 μέγα
267 2376 402 2453 πρᾶγμα
430 2368 486 2432 καὶ
516 2369 638 2434 δεινόν.
688 2367 706 2432 ὁ
737 2367 775 2434 δὲ
803 2366 884 2446 τέως
910 2367 972 2450 μὲν
999 2365 1176 2454 ἐπορεύετο
1194 2390 1222 2430 εο

154 2477 280 2540 κλαίων
301 2474 358 2540 καλ
380 2473 608 2558 διασημαίνων
630 2484 700 2552 τολς
724 2473 824 2558 ὁμίσε
845 2484 1014 2561 χωροῦσιν
1037 2476 1176 2544 ἀκολου-

74 2588 245 2648 εειεθελν·
283 2579 453 2667 ἐξέτρεχον
489 2578 520 2646 δ’
551 2580 589 2648 ἐκ
623 2593 692 2647 τῶν
728 2593 862 2666 σκηνῶν
893 2582 932 2660 δς
964 2584 1175 2671 διεπορεύετο

154 2686 275 2771 μεταξὺ
308 2689 523 2766 δειπνοῦντες
554 2689 697 2766 ἅπαντες
729 2689 851 2776 ἀθρόοι
884 2693 1014 2775 φανοὺς
1045 2688 1176 2776 ἔχοντες

154 2796 210 2862 καλ
233 2796 419 2881 λαμπάδας,
447 2796 592 2880 ἀγωνίας
613 2800 750 2884 πλήρεις
771 2797 827 2862 καὶ
849 2791 1012 2885 θορύβου
1028 2800 1176 2884 περιεχύ-

154 2952 182 3004 p.
204 2941 282 3003 1095,
315 2933 403 3006 κόμης
435 2935 539 2992 delevit
566 2936 761 3005 Οεεευθουυες
789 2937 920 3006 equidem
949 2938 1045 2993 neseio
1074 2954 1111 2992 an
1138 2939 1175 2993 ad

154 3042 305 3112 πλοκάμων
333 3043 507 3113 adscriptum
534 3043 572 3098 sit
644 3050 659 3098 1
686 3021 864 3114 διποῗύμεναι
886 3045 907 3098 L
936 3043 1128 3114 αποκρύμενοι
1149 3044 1176 3098 V

156 3119 172 3168 6
192 3113 288 3183 ὀλιγαρ
307 3114 400 3170 ιῶνΟ
423 3113 608 3186 ὀλιγαρχικῶν
627 3132 650 3170 ο.
664 3115 808 3206 Κὶεεελίιιχ
880 3121 913 3170 18
936 3112 996 3198 τὸνΙ
1009 3113 1097 3170 ίππον
1120 3116 1175 3171 del.

156 3184 244 3241 Cobet
263 3135 326 3278 O'gs.
345 3204 373 3256 p.
390 3193 422 3241 17
496 3193 530 3280 116
550 3183 676 3256 σφαγίδα
694 3187 739 3241 La
759 3207 902 3312 μαχφιραν
920 3185 966 3240 Lb
988 3205 1019 3240 1n
1041 3203 1106 3257 mge
1119 3187 1176 3242 VM

154 3258 347 3412 ιηιιο
364 3255 1176 3400 ιααγειυαυιιλ

155 3403 185 3455 et
202 3399 346 3484 K1esshng
368 3404 546 3485 οεοομειπωις
571 3398 753 3472 περιέχεσθαι
771 3401 924 3456 sohfitzend
942 3400 1095 3472 umgeben‚
1114 3419 1175 3456 um·

155 3473 283 3542 drssngen
301 3471 424 3526 ahenum
442 3473 514 3527 mih1
531 3473 643 3528 videtur
660 3490 717 3528 non
735 3490 795 3528 esse

961 3578 1015 3633 12*
