<?xml version="1.0" encoding="UTF-8"?>
<!DOCTYPE html PUBLIC "-//W3C//DTD XHTML 1.0 Transitional//EN"
    "http://www.w3.org/TR/xhtml1/DTD/xhtml1-transitional.dtd">
<html xmlns="http://www.w3.org/1999/xhtml" xml:lang="en" lang="en">
 <head>
  <title>
</title>
<meta http-equiv="Content-Type" content="text/html;charset=utf-8" />
  <meta name='ocr-system' content='tesseract 3.04.00' />
  <meta name='ocr-capabilities' content='ocr_page ocr_carea ocr_par ocr_line ocrx_word'/>
</head>
<body>
  <div class='ocr_page' id='page_1' title='image "./dionysihalicarn06diongoog_0215.png"; bbox 0 0 2668 3922; ppageno 0'>
   <div class='ocr_carea' id='block_1_1' title="bbox 556 187 1173 272">
    <p class='ocr_par' dir='ltr' id='par_1_1' title="bbox 556 187 1173 272">
     <span class='ocr_line' id='line_1_1' title="bbox 556 187 1173 272; baseline 0.003 -2"><span class='ocrx_word' id='word_1_1' title='bbox 556 187 605 246; x_wconf 86' lang='lat'><strong><em>&#39;—</em></strong></span> <span class='ocrx_word' id='word_1_2' title='bbox 642 210 683 261; x_wconf 71' lang='grc' dir='ltr'><strong><em>ιε</em></strong></span> <span class='ocrx_word' id='word_1_3' title='bbox 719 237 753 246; x_wconf 84' lang='grc'><strong>-</strong></span> <span class='ocrx_word' id='word_1_4' title='bbox 1110 208 1173 272; x_wconf 85' lang='lat'><strong><em>199</em></strong></span> 
     </span>
    </p>
   </div>
   <div class='ocr_carea' id='block_1_2' title="bbox 68 329 1323 3199">
    <p class='ocr_par' dir='ltr' id='par_1_2' title="bbox 153 329 1174 419">
     <span class='ocr_line' id='line_1_2' title="bbox 153 329 1174 419; baseline 0 -20"><span class='ocrx_word' id='word_1_5' title='bbox 153 335 272 419; x_wconf 87' lang='grc' dir='ltr'><strong><em>κύριον</em></strong></span> <span class='ocrx_word' id='word_1_6' title='bbox 304 343 361 417; x_wconf 78' lang='grc' dir='ltr'><strong><em>τῆς</em></strong></span> <span class='ocrx_word' id='word_1_7' title='bbox 397 333 607 417; x_wconf 75' lang='grc' dir='ltr'><em>διαγνώσεως</em></span> <span class='ocrx_word' id='word_1_8' title='bbox 639 329 717 398; x_wconf 91' lang='grc' dir='ltr'><strong><em>καθ’</em></strong></span> <span class='ocrx_word' id='word_1_9' title='bbox 745 332 804 398; x_wconf 80' lang='grc' dir='ltr'><strong><em>ἕνα</em></strong></span> <span class='ocrx_word' id='word_1_10' title='bbox 837 333 976 399; x_wconf 76' lang='grc' dir='ltr'><strong><em>ἕκαστον</em></strong></span> <span class='ocrx_word' id='word_1_11' title='bbox 1008 331 1174 417; x_wconf 87' lang='grc' dir='ltr'><strong><em>ἐνιαυτόν,</em></strong></span> 
     </span>
    </p>

    <p class='ocr_par' dir='ltr' id='par_1_3' title="bbox 152 439 1219 954">
     <span class='ocr_line' id='line_1_3' title="bbox 154 439 1174 526; baseline -0.001 -20"><span class='ocrx_word' id='word_1_12' title='bbox 154 441 219 506; x_wconf 81' lang='grc' dir='ltr'><strong><em>εἴτε</em></strong></span> <span class='ocrx_word' id='word_1_13' title='bbox 248 441 442 526; x_wconf 80' lang='grc' dir='ltr'><strong><em>πατρικίους</em></strong></span> <span class='ocrx_word' id='word_1_14' title='bbox 472 439 628 522; x_wconf 81' lang='grc' dir='ltr'><strong><em>βούλοιτο</em></strong></span> <span class='ocrx_word' id='word_1_15' title='bbox 658 439 805 522; x_wconf 80' lang='grc' dir='ltr'><strong><em>μετιέναι</em></strong></span> <span class='ocrx_word' id='word_1_16' title='bbox 833 441 895 524; x_wconf 80' lang='grc' dir='ltr'><strong><em>την</em></strong></span> <span class='ocrx_word' id='word_1_17' title='bbox 924 441 1086 506; x_wconf 80' lang='grc' dir='ltr'><strong><em>ὑπατείαν</em></strong></span> <span class='ocrx_word' id='word_1_18' title='bbox 1109 440 1174 506; x_wconf 86' lang='grc' dir='ltr'><strong><em>είτε</em></strong></span> 
     </span>
     <span class='ocr_line' id='line_1_4' title="bbox 153 538 1213 633; baseline -0.002 -21"><span class='ocrx_word' id='word_1_19' title='bbox 153 548 358 633; x_wconf 84' lang='grc' dir='ltr'><strong><em>δημοτικούς.</em></strong></span> <span class='ocrx_word' id='word_1_20' title='bbox 406 543 459 631; x_wconf 81' lang='grc' dir='ltr'><strong><em>ἐφ’</em></strong></span> <span class='ocrx_word' id='word_1_21' title='bbox 479 538 529 624; x_wconf 87' lang='grc' dir='ltr'><strong><em>οίς</em></strong></span> <span class='ocrx_word' id='word_1_22' title='bbox 558 547 770 631; x_wconf 76' lang='grc' dir='ltr'><strong><em>ἠγανάκτουν</em></strong></span> <span class='ocrx_word' id='word_1_23' title='bbox 800 548 833 612; x_wconf 85' lang='grc' dir='ltr'><strong><em>οί</em></strong></span> <span class='ocrx_word' id='word_1_24' title='bbox 865 555 925 613; x_wconf 83' lang='grc' dir='ltr'><strong><em>τοῦ</em></strong></span> <span class='ocrx_word' id='word_1_25' title='bbox 955 547 1213 631; x_wconf 80' lang='grc' dir='ltr'><strong><em>βουλευτικοῦ2</em></strong></span> 
     </span>
     <span class='ocr_line' id='line_1_5' title="bbox 152 653 1174 740; baseline -0.001 -20"><span class='ocrx_word' id='word_1_26' title='bbox 152 654 342 740; x_wconf 79' lang='grc' dir='ltr'><strong><em>μετέχοντες</em></strong></span> <span class='ocrx_word' id='word_1_27' title='bbox 375 653 555 739; x_wconf 77' lang='grc' dir='ltr'><strong><em>συνεδρίου</em></strong></span> <span class='ocrx_word' id='word_1_28' title='bbox 587 653 838 738; x_wconf 76' lang='grc' dir='ltr'><strong><em>καταλυομένην</em></strong></span> <span class='ocrx_word' id='word_1_29' title='bbox 868 656 930 740; x_wconf 78' lang='grc' dir='ltr'><strong><em>τὴν</em></strong></span> <span class='ocrx_word' id='word_1_30' title='bbox 960 653 1088 721; x_wconf 80' lang='grc' dir='ltr'><strong><em>ἑαυτῶν</em></strong></span> <span class='ocrx_word' id='word_1_31' title='bbox 1116 655 1174 720; x_wconf 90' lang='grc' dir='ltr'><strong><em>δυ-</em></strong></span> 
     </span>
     <span class='ocr_line' id='line_1_6' title="bbox 152 759 1219 850; baseline -0.005 -23"><span class='ocrx_word' id='word_1_32' title='bbox 152 764 309 827; x_wconf 90' lang='grc' dir='ltr'><strong><em>ναστείαν</em></strong></span> <span class='ocrx_word' id='word_1_33' title='bbox 344 760 487 846; x_wconf 79' lang='grc' dir='ltr'><strong><em>ὁρῶντες</em></strong></span> <span class='ocrx_word' id='word_1_34' title='bbox 520 760 577 826; x_wconf 78' lang='grc' dir='ltr'><strong><em>καί</em></strong></span> <span class='ocrx_word' id='word_1_35' title='bbox 606 761 714 826; x_wconf 88' lang='grc' dir='ltr'><strong><em>πάντα</em></strong></span> <span class='ocrx_word' id='word_1_36' title='bbox 748 761 928 844; x_wconf 84' lang='grc' dir='ltr'><strong><em>ὑπομένειν</em></strong></span> <span class='ocrx_word' id='word_1_37' title='bbox 963 759 1069 850; x_wconf 73' lang='grc' dir='ltr'><strong><em>χέοντο</em></strong></span> <span class='ocrx_word' id='word_1_38' title='bbox 1102 762 1175 826; x_wconf 85' lang='grc' dir='ltr'><strong><em>δεῖν</em></strong></span> <span class='ocrx_word' id='word_1_39' title='bbox 1206 780 1219 822; x_wconf 79' lang='grc' dir='ltr'><strong><em>ε</em></strong></span> 
     </span>
     <span class='ocr_line' id='line_1_7' title="bbox 152 865 1177 954; baseline 0.001 -21"><span class='ocrx_word' id='word_1_40' title='bbox 152 870 317 953; x_wconf 86' lang='grc' dir='ltr'><strong><em>πρότερον</em></strong></span> <span class='ocrx_word' id='word_1_41' title='bbox 345 867 366 952; x_wconf 75' lang='grc' dir='ltr'><em>ἢ</em></span> <span class='ocrx_word' id='word_1_42' title='bbox 396 872 457 934; x_wconf 88' lang='grc' dir='ltr'><strong><em>τὸν</em></strong></span> <span class='ocrx_word' id='word_1_43' title='bbox 487 865 594 951; x_wconf 88' lang='grc' dir='ltr'><strong><em>νόμον</em></strong></span> <span class='ocrx_word' id='word_1_44' title='bbox 623 868 742 953; x_wconf 85' lang='grc' dir='ltr'><strong><em>κύριον</em></strong></span> <span class='ocrx_word' id='word_1_45' title='bbox 765 866 859 934; x_wconf 83' lang='grc' dir='ltr'><strong><em>ἐᾶσαι</em></strong></span> <span class='ocrx_word' id='word_1_46' title='bbox 882 868 1053 953; x_wconf 89' lang='grc' dir='ltr'><strong><em>γενέσθαι·</em></strong></span> <span class='ocrx_word' id='word_1_47' title='bbox 1077 869 1177 954; x_wconf 88' lang='grc' dir='ltr'><strong><em>ὀργαί</em></strong></span> 
     </span>
    </p>

    <p class='ocr_par' dir='ltr' id='par_1_4' title="bbox 152 972 1175 1061">
     <span class='ocr_line' id='line_1_8' title="bbox 152 972 1175 1061; baseline 0.001 -22"><span class='ocrx_word' id='word_1_48' title='bbox 152 998 187 1040; x_wconf 94' lang='grc' dir='ltr'><strong><em>τε</em></strong></span> <span class='ocrx_word' id='word_1_49' title='bbox 216 976 272 1039; x_wconf 78' lang='grc' dir='ltr'><strong><em>καί</em></strong></span> <span class='ocrx_word' id='word_1_50' title='bbox 301 977 496 1060; x_wconf 79' lang='grc' dir='ltr'><strong><em>κατηγορίαι</em></strong></span> <span class='ocrx_word' id='word_1_51' title='bbox 525 975 580 1040; x_wconf 83' lang='grc' dir='ltr'><strong><em>καί</em></strong></span> <span class='ocrx_word' id='word_1_52' title='bbox 608 972 817 1060; x_wconf 83' lang='grc' dir='ltr'><strong><em>ἀντιπράξεις</em></strong></span> <span class='ocrx_word' id='word_1_53' title='bbox 845 973 996 1059; x_wconf 91' lang='grc' dir='ltr'><strong><em>ἐγίνοντο</em></strong></span> <span class='ocrx_word' id='word_1_54' title='bbox 1025 986 1175 1061; x_wconf 78' lang='grc' dir='ltr'><strong><em>συνεχεῖς</em></strong></span> 
     </span>
    </p>

    <p class='ocr_par' dir='ltr' id='par_1_5' title="bbox 152 1078 1175 1276">
     <span class='ocr_line' id='line_1_9' title="bbox 152 1078 1174 1167; baseline 0.003 -21"><span class='ocrx_word' id='word_1_55' title='bbox 152 1079 190 1146; x_wconf 90' lang='grc' dir='ltr'><strong><em>ἐν</em></strong></span> <span class='ocrx_word' id='word_1_56' title='bbox 215 1082 313 1159; x_wconf 79' lang='grc' dir='ltr'><strong><em>ἰδίοις</em></strong></span> <span class='ocrx_word' id='word_1_57' title='bbox 334 1105 370 1147; x_wconf 91' lang='grc' dir='ltr'><strong><em>τε</em></strong></span> <span class='ocrx_word' id='word_1_58' title='bbox 394 1078 573 1165; x_wconf 77' lang='grc' dir='ltr'><strong><em>συλλόγοις</em></strong></span> <span class='ocrx_word' id='word_1_59' title='bbox 594 1083 650 1147; x_wconf 81' lang='grc' dir='ltr'><strong><em>καί</em></strong></span> <span class='ocrx_word' id='word_1_60' title='bbox 672 1083 755 1147; x_wconf 89' lang='grc' dir='ltr'><strong><em>κατά</em></strong></span> <span class='ocrx_word' id='word_1_61' title='bbox 778 1083 836 1159; x_wconf 89' lang='grc' dir='ltr'><strong><em>τάς</em></strong></span> <span class='ocrx_word' id='word_1_62' title='bbox 858 1085 973 1160; x_wconf 85' lang='grc' dir='ltr'><strong><em>κοινὰς</em></strong></span> <span class='ocrx_word' id='word_1_63' title='bbox 996 1079 1174 1167; x_wconf 88' lang='grc' dir='ltr'><strong><em>συνόδους,</em></strong></span> 
     </span>
     <span class='ocr_line' id='line_1_10' title="bbox 153 1188 1175 1276; baseline 0.003 -23"><span class='ocrx_word' id='word_1_64' title='bbox 153 1188 309 1254; x_wconf 83' lang='grc' dir='ltr'><strong><em>ἁπάντων</em></strong></span> <span class='ocrx_word' id='word_1_65' title='bbox 331 1199 399 1254; x_wconf 81' lang='grc' dir='ltr'><strong><em>τῶν</em></strong></span> <span class='ocrx_word' id='word_1_66' title='bbox 422 1191 605 1274; x_wconf 85' lang='grc' dir='ltr'><strong><em>πατρικίων</em></strong></span> <span class='ocrx_word' id='word_1_67' title='bbox 626 1191 710 1275; x_wconf 86' lang='grc' dir='ltr'><strong><em>πρὸς</em></strong></span> <span class='ocrx_word' id='word_1_68' title='bbox 733 1189 880 1266; x_wconf 76' lang='grc' dir='ltr'><strong><em>ἅπαντας</em></strong></span> <span class='ocrx_word' id='word_1_69' title='bbox 901 1189 1175 1276; x_wconf 78' lang='grc' dir='ltr'><strong><em>ἠλλοτριωμένου</em></strong></span> 
     </span>
    </p>

    <p class='ocr_par' dir='ltr' id='par_1_6' title="bbox 151 1263 1323 2020">
     <span class='ocr_line' id='line_1_11' title="bbox 151 1263 1323 1398; baseline 0.003 -38"><span class='ocrx_word' id='word_1_70' title='bbox 151 1299 231 1373; x_wconf 87' lang='grc' dir='ltr'><strong><em>τοὺς</em></strong></span> <span class='ocrx_word' id='word_1_71' title='bbox 259 1296 464 1380; x_wconf 87' lang='grc' dir='ltr'><strong><em>δημοτικούς.</em></strong></span> <span class='ocrx_word' id='word_1_72' title='bbox 515 1296 570 1360; x_wconf 81' lang='grc' dir='ltr'><strong><em>καί</em></strong></span> <span class='ocrx_word' id='word_1_73' title='bbox 599 1298 692 1380; x_wconf 91' lang='grc' dir='ltr'><strong><em>λόγοι</em></strong></span> <span class='ocrx_word' id='word_1_74' title='bbox 720 1296 838 1361; x_wconf 81' lang='grc' dir='ltr'><strong><em>πολλοί</em></strong></span> <span class='ocrx_word' id='word_1_75' title='bbox 866 1296 927 1379; x_wconf 78' lang='grc' dir='ltr'><strong><em>μὲν</em></strong></span> <span class='ocrx_word' id='word_1_76' title='bbox 955 1295 992 1362; x_wconf 92' lang='grc' dir='ltr'><strong><em>ἐν</em></strong></span> <span class='ocrx_word' id='word_1_77' title='bbox 1019 1309 1064 1384; x_wconf 78' lang='grc' dir='ltr'><strong><em>τῷ</em></strong></span> <span class='ocrx_word' id='word_1_78' title='bbox 1095 1268 1220 1398; x_wconf 56' lang='grc' dir='ltr'><strong><em>συν-ἴ)0</em></strong></span> <span class='ocrx_word' id='word_1_79' title='bbox 1317 1263 1323 1280; x_wconf 30' lang='grc'><strong><em>1</em></strong></span> 
     </span>
     <span class='ocr_line' id='line_1_12' title="bbox 152 1401 1175 1489; baseline 0.002 -23"><span class='ocrx_word' id='word_1_80' title='bbox 152 1403 268 1489; x_wconf 79' lang='grc' dir='ltr'><strong><em>εδρίῳ,</em></strong></span> <span class='ocrx_word' id='word_1_81' title='bbox 296 1403 414 1468; x_wconf 77' lang='grc' dir='ltr'><strong><em>πολλοὶ</em></strong></span> <span class='ocrx_word' id='word_1_82' title='bbox 442 1402 479 1468; x_wconf 82' lang='grc' dir='ltr'><strong><em>δέ</em></strong></span> <span class='ocrx_word' id='word_1_83' title='bbox 505 1404 588 1468; x_wconf 82' lang='grc' dir='ltr'><strong><em>κατὰ</em></strong></span> <span class='ocrx_word' id='word_1_84' title='bbox 615 1405 673 1480; x_wconf 83' lang='grc' dir='ltr'><strong><em>τὰς</em></strong></span> <span class='ocrx_word' id='word_1_85' title='bbox 701 1401 874 1488; x_wconf 81' lang='grc' dir='ltr'><strong><em>ἐκκλησίας</em></strong></span> <span class='ocrx_word' id='word_1_86' title='bbox 901 1403 967 1469; x_wconf 86' lang='grc' dir='ltr'><strong><em>ὑπὸ</em></strong></span> <span class='ocrx_word' id='word_1_87' title='bbox 990 1414 1058 1469; x_wconf 83' lang='grc' dir='ltr'><strong><em>τῶν</em></strong></span> <span class='ocrx_word' id='word_1_88' title='bbox 1080 1419 1175 1488; x_wconf 83' lang='grc' dir='ltr'><strong><em>προϊ·</em></strong></span> 
     </span>
     <span class='ocr_line' id='line_1_13' title="bbox 153 1507 1175 1596; baseline 0.002 -24"><span class='ocrx_word' id='word_1_89' title='bbox 153 1507 325 1591; x_wconf 86' lang='grc' dir='ltr'><strong><em>σταμένων</em></strong></span> <span class='ocrx_word' id='word_1_90' title='bbox 351 1519 409 1593; x_wconf 75' lang='grc' dir='ltr'><strong><em>τῆς</em></strong></span> <span class='ocrx_word' id='word_1_91' title='bbox 437 1508 688 1594; x_wconf 81' lang='grc' dir='ltr'><strong><em>ἀριστοκρατίας</em></strong></span> <span class='ocrx_word' id='word_1_92' title='bbox 715 1508 912 1594; x_wconf 72' lang='grc' dir='ltr'><strong><em>ἐλέχθησαν,</em></strong></span> <span class='ocrx_word' id='word_1_93' title='bbox 942 1509 1175 1596; x_wconf 86' lang='grc' dir='ltr'><strong><em>ἐπιεικέστεροι</em></strong></span> 
     </span>
     <span class='ocr_line' id='line_1_14' title="bbox 152 1614 1175 1703; baseline 0.003 -24"><span class='ocrx_word' id='word_1_94' title='bbox 152 1614 213 1697; x_wconf 78' lang='grc' dir='ltr'><strong><em>μέν</em></strong></span> <span class='ocrx_word' id='word_1_95' title='bbox 236 1614 302 1680; x_wconf 82' lang='grc' dir='ltr'><strong><em>ὑπὸ</em></strong></span> <span class='ocrx_word' id='word_1_96' title='bbox 325 1627 393 1682; x_wconf 82' lang='grc' dir='ltr'><strong><em>τῶν</em></strong></span> <span class='ocrx_word' id='word_1_97' title='bbox 414 1615 578 1698; x_wconf 80' lang='grc' dir='ltr'><strong><em>οἰομένων</em></strong></span> <span class='ocrx_word' id='word_1_98' title='bbox 596 1615 717 1703; x_wconf 76' lang='grc' dir='ltr'><strong><em>ἀγνοίᾳ</em></strong></span> <span class='ocrx_word' id='word_1_99' title='bbox 739 1625 799 1682; x_wconf 87' lang='grc' dir='ltr'><strong><em>τοῦ</em></strong></span> <span class='ocrx_word' id='word_1_100' title='bbox 818 1617 1050 1703; x_wconf 82' lang='grc' dir='ltr'><strong><em>συμφέροντος</em></strong></span> <span class='ocrx_word' id='word_1_101' title='bbox 1072 1617 1175 1702; x_wconf 88' lang='grc' dir='ltr'><strong><em>ἀμαρ-</em></strong></span> 
     </span>
     <span class='ocr_line' id='line_1_15' title="bbox 151 1721 1175 1809; baseline 0.004 -25"><span class='ocrx_word' id='word_1_102' title='bbox 151 1721 266 1786; x_wconf 91' lang='grc' dir='ltr'><strong><em>τάνειν</em></strong></span> <span class='ocrx_word' id='word_1_103' title='bbox 288 1725 367 1800; x_wconf 84' lang='grc' dir='ltr'><strong><em>τοὺς</em></strong></span> <span class='ocrx_word' id='word_1_104' title='bbox 394 1722 606 1808; x_wconf 79' lang='grc' dir='ltr'><strong><em>δημοτικούς,</em></strong></span> <span class='ocrx_word' id='word_1_105' title='bbox 633 1723 829 1809; x_wconf 87' lang='grc' dir='ltr'><strong><em>τραχότεροι</em></strong></span> <span class='ocrx_word' id='word_1_106' title='bbox 853 1724 883 1788; x_wconf 90' lang='grc' dir='ltr'><strong><em>δ’</em></strong></span> <span class='ocrx_word' id='word_1_107' title='bbox 900 1724 966 1790; x_wconf 82' lang='grc' dir='ltr'><strong><em>ὑπὸ</em></strong></span> <span class='ocrx_word' id='word_1_108' title='bbox 992 1735 1059 1790; x_wconf 79' lang='grc' dir='ltr'><strong><em>τῶν</em></strong></span> <span class='ocrx_word' id='word_1_109' title='bbox 1082 1748 1175 1807; x_wconf 91' lang='grc' dir='ltr'><strong><em>νομι-</em></strong></span> 
     </span>
     <span class='ocr_line' id='line_1_16' title="bbox 152 1827 1219 1918; baseline 0.005 -26"><span class='ocrx_word' id='word_1_110' title='bbox 152 1829 277 1906; x_wconf 80' lang='grc' dir='ltr'><strong><em>ζόντων</em></strong></span> <span class='ocrx_word' id='word_1_111' title='bbox 299 1827 332 1907; x_wconf 86' lang='grc' dir='ltr'><strong><em>ἐξ</em></strong></span> <span class='ocrx_word' id='word_1_112' title='bbox 356 1827 536 1915; x_wconf 76' lang='grc' dir='ltr'><strong><em>ἐπιβουλῆς</em></strong></span> <span class='ocrx_word' id='word_1_113' title='bbox 557 1831 613 1896; x_wconf 82' lang='grc' dir='ltr'><strong><em>καί</em></strong></span> <span class='ocrx_word' id='word_1_114' title='bbox 637 1832 773 1915; x_wconf 83' lang='grc' dir='ltr'><strong><em>φθόνου</em></strong></span> <span class='ocrx_word' id='word_1_115' title='bbox 796 1841 856 1897; x_wconf 83' lang='grc' dir='ltr'><strong><em>τοῦ</em></strong></span> <span class='ocrx_word' id='word_1_116' title='bbox 880 1833 963 1918; x_wconf 92' lang='grc' dir='ltr'><strong><em>πρὸς</em></strong></span> <span class='ocrx_word' id='word_1_117' title='bbox 991 1832 1113 1909; x_wconf 81' lang='grc' dir='ltr'><strong><em>αὐτοὺς</em></strong></span> <span class='ocrx_word' id='word_1_118' title='bbox 1136 1833 1173 1897; x_wconf 89' lang='grc' dir='ltr'><strong><em>τὸ</em></strong></span> <span class='ocrx_word' id='word_1_119' title='bbox 1194 1850 1219 1891; x_wconf 79' lang='grc' dir='ltr'><strong><em>ιο</em></strong></span> 
     </span>
     <span class='ocr_line' id='line_1_17' title="bbox 152 1943 517 2020; baseline 0.005 -22"><span class='ocrx_word' id='word_1_120' title='bbox 152 1943 286 2019; x_wconf 81' lang='grc' dir='ltr'><strong><em>πρᾶγμα</em></strong></span> <span class='ocrx_word' id='word_1_121' title='bbox 309 1943 517 2020; x_wconf 80' lang='grc' dir='ltr'><strong><em>συγκεῖσθαι.</em></strong></span> 
     </span>
    </p>

    <p class='ocr_par' dir='ltr' id='par_1_7' title="bbox 151 2041 1176 2344">
     <span class='ocr_line' id='line_1_18' title="bbox 223 2041 1176 2129; baseline 0.002 -23"><span class='ocrx_word' id='word_1_122' title='bbox 223 2041 322 2109; x_wconf 84' lang='lat' dir='ltr'><strong>LHH.</strong></span> <span class='ocrx_word' id='word_1_123' title='bbox 351 2041 552 2128; x_wconf 83' lang='grc' dir='ltr'><strong><em>Ἑλκομένου</em></strong></span> <span class='ocrx_word' id='word_1_124' title='bbox 585 2044 623 2110; x_wconf 83' lang='grc' dir='ltr'><strong><em>δέ</em></strong></span> <span class='ocrx_word' id='word_1_125' title='bbox 654 2053 714 2110; x_wconf 84' lang='grc' dir='ltr'><strong><em>τοῦ</em></strong></span> <span class='ocrx_word' id='word_1_126' title='bbox 747 2046 871 2129; x_wconf 91' lang='grc' dir='ltr'><strong><em>χρόνου</em></strong></span> <span class='ocrx_word' id='word_1_127' title='bbox 906 2045 1060 2127; x_wconf 81' lang='grc' dir='ltr'><strong><em>διακενῆς</em></strong></span> <span class='ocrx_word' id='word_1_128' title='bbox 1091 2041 1176 2128; x_wconf 66' lang='grc' dir='ltr'><strong><em>ἧκον</em></strong></span> 
     </span>
     <span class='ocr_line' id='line_1_19' title="bbox 152 2149 1176 2236; baseline 0.005 -24"><span class='ocrx_word' id='word_1_129' title='bbox 152 2149 199 2226; x_wconf 85' lang='grc' dir='ltr'><strong><em>εἰς</em></strong></span> <span class='ocrx_word' id='word_1_130' title='bbox 229 2150 291 2233; x_wconf 81' lang='grc' dir='ltr'><strong><em>την</em></strong></span> <span class='ocrx_word' id='word_1_131' title='bbox 319 2152 419 2216; x_wconf 89' lang='grc' dir='ltr'><strong><em>πόλιν</em></strong></span> <span class='ocrx_word' id='word_1_132' title='bbox 449 2151 514 2216; x_wconf 91' lang='grc' dir='ltr'><strong><em>ἀπὸ</em></strong></span> <span class='ocrx_word' id='word_1_133' title='bbox 544 2161 612 2216; x_wconf 82' lang='grc' dir='ltr'><strong><em>τῶν</em></strong></span> <span class='ocrx_word' id='word_1_134' title='bbox 642 2151 823 2236; x_wconf 85' lang='grc' dir='ltr'><strong><em>συμμάχων</em></strong></span> <span class='ocrx_word' id='word_1_135' title='bbox 854 2151 987 2234; x_wconf 85' lang='grc' dir='ltr'><strong><em>άγγελοι</em></strong></span> <span class='ocrx_word' id='word_1_136' title='bbox 1011 2150 1176 2235; x_wconf 80' lang='grc' dir='ltr'><strong><em>λέγοντες,</em></strong></span> 
     </span>
     <span class='ocr_line' id='line_1_20' title="bbox 151 2253 1175 2344; baseline 0.003 -24"><span class='ocrx_word' id='word_1_137' title='bbox 151 2256 202 2320; x_wconf 85' lang='grc' dir='ltr'><strong><em>ότι</em></strong></span> <span class='ocrx_word' id='word_1_138' title='bbox 239 2261 345 2342; x_wconf 76' lang='grc' dir='ltr'><strong><em>πολλῇ</em></strong></span> <span class='ocrx_word' id='word_1_139' title='bbox 385 2262 522 2344; x_wconf 74' lang='grc' dir='ltr'><strong><em>στρατιᾷ</em></strong></span> <span class='ocrx_word' id='word_1_140' title='bbox 562 2256 742 2339; x_wconf 83' lang='grc' dir='ltr'><strong><em>μέλλουσιν</em></strong></span> <span class='ocrx_word' id='word_1_141' title='bbox 779 2255 933 2322; x_wconf 87' lang='grc' dir='ltr'><strong><em>ἐλαύνειν</em></strong></span> <span class='ocrx_word' id='word_1_142' title='bbox 969 2253 1020 2321; x_wconf 88' lang='grc' dir='ltr'><strong><em>ἐπ’</em></strong></span> <span class='ocrx_word' id='word_1_143' title='bbox 1052 2257 1175 2335; x_wconf 86' lang='grc' dir='ltr'><strong><em>αὐτοὺς</em></strong></span> 
     </span>
    </p>

    <p class='ocr_par' dir='ltr' id='par_1_8' title="bbox 68 2362 1223 3199">
     <span class='ocr_line' id='line_1_21' title="bbox 68 2362 1223 2448; baseline -0.003 -20"><span class='ocrx_word' id='word_1_144' title='bbox 68 2378 140 2428; x_wconf 78' lang='lat'>2289</span> <span class='ocrx_word' id='word_1_145' title='bbox 150 2363 297 2427; x_wconf 82' lang='grc' dir='ltr'><strong><em>Αἰκανοί</em></strong></span> <span class='ocrx_word' id='word_1_146' title='bbox 321 2385 357 2427; x_wconf 88' lang='grc' dir='ltr'><strong><em>τε</em></strong></span> <span class='ocrx_word' id='word_1_147' title='bbox 384 2363 440 2428; x_wconf 77' lang='grc' dir='ltr'><strong><em>καί</em></strong></span> <span class='ocrx_word' id='word_1_148' title='bbox 470 2362 693 2448; x_wconf 82' lang='grc' dir='ltr'><strong><em>Οὐολοῦσκοι,</em></strong></span> <span class='ocrx_word' id='word_1_149' title='bbox 724 2363 876 2446; x_wconf 88' lang='grc' dir='ltr'><strong><em>δεόμενοι</em></strong></span> <span class='ocrx_word' id='word_1_150' title='bbox 903 2367 1066 2448; x_wconf 78' lang='grc' dir='ltr'><strong><em>βοήθειαν</em></strong></span> <span class='ocrx_word' id='word_1_151' title='bbox 1093 2362 1174 2430; x_wconf 86' lang='grc' dir='ltr'><strong><em>ἀπο·</em></strong></span> <span class='ocrx_word' id='word_1_152' title='bbox 1192 2385 1223 2426; x_wconf 80' lang='grc' dir='ltr'><strong><em>ιο</em></strong></span> 
     </span>
     <span class='ocr_line' id='line_1_22' title="bbox 151 2468 1173 2558; baseline 0.004 -24"><span class='ocrx_word' id='word_1_153' title='bbox 151 2473 278 2535; x_wconf 80' lang='grc' dir='ltr'><strong><em>στεῖλαι</em></strong></span> <span class='ocrx_word' id='word_1_154' title='bbox 306 2470 403 2554; x_wconf 85' lang='grc' dir='ltr'><strong><em>σφίσι</em></strong></span> <span class='ocrx_word' id='word_1_155' title='bbox 431 2469 487 2534; x_wconf 83' lang='grc' dir='ltr'><strong><em>διὰ</em></strong></span> <span class='ocrx_word' id='word_1_156' title='bbox 513 2468 640 2554; x_wconf 85' lang='grc' dir='ltr'><strong><em>ταχέων</em></strong></span> <span class='ocrx_word' id='word_1_157' title='bbox 667 2470 712 2547; x_wconf 83' lang='grc' dir='ltr'><strong><em>ὡς</em></strong></span> <span class='ocrx_word' id='word_1_158' title='bbox 739 2469 776 2536; x_wconf 89' lang='grc' dir='ltr'><strong><em>ἐν</em></strong></span> <span class='ocrx_word' id='word_1_159' title='bbox 803 2473 906 2558; x_wconf 79' lang='grc' dir='ltr'><strong><em>τρίβῳ</em></strong></span> <span class='ocrx_word' id='word_1_160' title='bbox 937 2481 997 2536; x_wconf 86' lang='grc' dir='ltr'><strong><em>τοῦ</em></strong></span> <span class='ocrx_word' id='word_1_161' title='bbox 1027 2471 1173 2556; x_wconf 89' lang='grc' dir='ltr'><strong><em>πολέμου</em></strong></span> 
     </span>
     <span class='ocr_line' id='line_1_23' title="bbox 150 2573 1213 2663; baseline 0.001 -21"><span class='ocrx_word' id='word_1_162' title='bbox 150 2575 322 2660; x_wconf 86' lang='grc' dir='ltr'><strong><em>κειμένοις.</em></strong></span> <span class='ocrx_word' id='word_1_163' title='bbox 368 2573 521 2660; x_wconf 87' lang='grc' dir='ltr'><strong><em>ἐλέγοντο</em></strong></span> <span class='ocrx_word' id='word_1_164' title='bbox 552 2575 590 2642; x_wconf 75' lang='grc' dir='ltr'><strong><em>δὲ</em></strong></span> <span class='ocrx_word' id='word_1_165' title='bbox 616 2577 673 2642; x_wconf 78' lang='grc' dir='ltr'><strong><em>καί</em></strong></span> <span class='ocrx_word' id='word_1_166' title='bbox 705 2583 888 2663; x_wconf 81' lang='grc' dir='ltr'><strong><em>Τυρρηνῶν</em></strong></span> <span class='ocrx_word' id='word_1_167' title='bbox 915 2579 948 2644; x_wconf 80' lang='grc' dir='ltr'><strong><em>ολ</em></strong></span> <span class='ocrx_word' id='word_1_168' title='bbox 975 2579 1213 2662; x_wconf 82' lang='grc' dir='ltr'><strong><em>καλούμενοι2</em></strong></span> 
     </span>
     <span class='ocr_line' id='line_1_24' title="bbox 155 2682 1174 2771; baseline 0.001 -22"><span class='ocrx_word' id='word_1_169' title='bbox 155 2682 352 2749; x_wconf 79' lang='grc' dir='ltr'><strong><em>Οὐιεντανοὶ</em></strong></span> <span class='ocrx_word' id='word_1_170' title='bbox 368 2683 676 2768; x_wconf 74' lang='grc' dir='ltr'><strong><em>παρασκευάζεσθαι</em></strong></span> <span class='ocrx_word' id='word_1_171' title='bbox 693 2686 777 2770; x_wconf 87' lang='grc' dir='ltr'><strong><em>πρὸς</em></strong></span> <span class='ocrx_word' id='word_1_172' title='bbox 795 2685 989 2770; x_wconf 85' lang='grc' dir='ltr'><strong><em>ἀπόστασιν,</em></strong></span> <span class='ocrx_word' id='word_1_173' title='bbox 1004 2685 1174 2771; x_wconf 81' lang='grc' dir='ltr'><strong><em>Ἀρδεᾶται</em></strong></span> 
     </span>
     <span class='ocr_line' id='line_1_25' title="bbox 151 2787 1174 2879; baseline 0.004 -25"><span class='ocrx_word' id='word_1_174' title='bbox 151 2787 180 2854; x_wconf 88' lang='grc' dir='ltr'><strong><em>τ’</em></strong></span> <span class='ocrx_word' id='word_1_175' title='bbox 203 2791 315 2856; x_wconf 79' lang='grc' dir='ltr'><strong><em>αὐτῶν</em></strong></span> <span class='ocrx_word' id='word_1_176' title='bbox 342 2789 454 2856; x_wconf 87' lang='grc' dir='ltr'><strong><em>οὐκέτι</em></strong></span> <span class='ocrx_word' id='word_1_177' title='bbox 479 2787 566 2874; x_wconf 76' lang='grc' dir='ltr'><strong><em>ἦσαν</em></strong></span> <span class='ocrx_word' id='word_1_178' title='bbox 593 2789 735 2876; x_wconf 75' lang='grc' dir='ltr'><strong><em>ὑπήκοοι</em></strong></span> <span class='ocrx_word' id='word_1_179' title='bbox 762 2801 819 2876; x_wconf 75' lang='grc' dir='ltr'><strong><em>τῆς</em></strong></span> <span class='ocrx_word' id='word_1_180' title='bbox 847 2792 1036 2879; x_wconf 81' lang='grc' dir='ltr'><strong><em>άμφιλόγου</em></strong></span> <span class='ocrx_word' id='word_1_181' title='bbox 1066 2793 1174 2877; x_wconf 83' lang='grc' dir='ltr'><strong><em>χώρας</em></strong></span> 
     </span>
     <span class='ocr_line' id='line_1_26' title="bbox 153 2894 1217 2985; baseline -0.002 -23"><span class='ocrx_word' id='word_1_182' title='bbox 153 2895 257 2981; x_wconf 83' lang='grc' dir='ltr'><strong><em>ὀργην</em></strong></span> <span class='ocrx_word' id='word_1_183' title='bbox 276 2895 421 2983; x_wconf 76' lang='grc' dir='ltr'><strong><em>ἔχοντες,</em></strong></span> <span class='ocrx_word' id='word_1_184' title='bbox 443 2898 487 2982; x_wconf 72' lang='grc' dir='ltr'><strong><em>ἣν</em></strong></span> <span class='ocrx_word' id='word_1_185' title='bbox 506 2897 523 2963; x_wconf 87' lang='grc' dir='ltr'>ὁ</span> <span class='ocrx_word' id='word_1_186' title='bbox 541 2894 707 2980; x_wconf 85' lang='grc' dir='ltr'><strong><em>Ῥωμαίων</em></strong></span> <span class='ocrx_word' id='word_1_187' title='bbox 730 2899 834 2983; x_wconf 75' lang='grc' dir='ltr'><strong><em>δῆμος</em></strong></span> <span class='ocrx_word' id='word_1_188' title='bbox 852 2899 1000 2985; x_wconf 78' lang='grc' dir='ltr'><strong><em>αἱρεθείς</em></strong></span> <span class='ocrx_word' id='word_1_189' title='bbox 1018 2899 1173 2982; x_wconf 81' lang='grc' dir='ltr'><strong><em>δικαστὴς</em></strong></span> <span class='ocrx_word' id='word_1_190' title='bbox 1192 2919 1217 2960; x_wconf 78' lang='grc' dir='ltr'><strong><em>τι</em></strong></span> 
     </span>
     <span class='ocr_line' id='line_1_27' title="bbox 153 3002 1212 3092; baseline 0.003 -25"><span class='ocrx_word' id='word_1_191' title='bbox 153 3002 241 3092; x_wconf 77' lang='grc' dir='ltr'><strong><em>αὑτῷ</em></strong></span> <span class='ocrx_word' id='word_1_192' title='bbox 264 3005 506 3090; x_wconf 86' lang='grc' dir='ltr'><strong><em>προσεδίκασεν</em></strong></span> <span class='ocrx_word' id='word_1_193' title='bbox 526 3002 564 3070; x_wconf 87' lang='grc' dir='ltr'><strong><em>ἐν</em></strong></span> <span class='ocrx_word' id='word_1_194' title='bbox 586 3016 631 3092; x_wconf 77' lang='grc' dir='ltr'><strong><em>τῷ</em></strong></span> <span class='ocrx_word' id='word_1_195' title='bbox 655 3009 860 3091; x_wconf 83' lang='grc' dir='ltr'><strong><em>παρελθόντι</em></strong></span> <span class='ocrx_word' id='word_1_196' title='bbox 884 3005 1034 3092; x_wconf 78' lang='grc' dir='ltr'><strong><em>ἐνιαυτῷ.</em></strong></span> <span class='ocrx_word' id='word_1_197' title='bbox 1070 3013 1173 3071; x_wconf 85' lang='grc' dir='ltr'><strong><em>ταῦτα</em></strong></span> <span class='ocrx_word' id='word_1_198' title='bbox 1192 3006 1212 3070; x_wconf 85' lang='grc'>3</span> 
     </span>
     <span class='ocr_line' id='line_1_28' title="bbox 151 3110 1173 3199; baseline 0.003 -24"><span class='ocrx_word' id='word_1_199' title='bbox 151 3110 172 3192; x_wconf 81' lang='grc' dir='ltr'><em>ἡ</em></span> <span class='ocrx_word' id='word_1_200' title='bbox 209 3112 314 3196; x_wconf 75' lang='grc' dir='ltr'><strong><em>βουλὴ</em></strong></span> <span class='ocrx_word' id='word_1_201' title='bbox 351 3119 509 3195; x_wconf 82' lang='grc' dir='ltr'><strong><em>μαθοῦσα</em></strong></span> <span class='ocrx_word' id='word_1_202' title='bbox 544 3113 721 3197; x_wconf 81' lang='grc' dir='ltr'><strong><em>ψηφίζεται</em></strong></span> <span class='ocrx_word' id='word_1_203' title='bbox 758 3115 915 3199; x_wconf 80' lang='grc' dir='ltr'><strong><em>στρατιάν</em></strong></span> <span class='ocrx_word' id='word_1_204' title='bbox 946 3112 1173 3199; x_wconf 85' lang='grc' dir='ltr'><strong><em>καταγράφειν</em></strong></span> 
     </span>
    </p>
   </div>
   <div class='ocr_carea' id='block_1_3' title="bbox 224 3353 1171 3432">
    <p class='ocr_par' dir='ltr' id='par_1_9' title="bbox 224 3353 1171 3432">
     <span class='ocr_line' id='line_1_29' title="bbox 224 3353 1171 3432; baseline 0.002 -22"><span class='ocrx_word' id='word_1_205' title='bbox 224 3360 258 3410; x_wconf 83' lang='lat'><strong><em>20</em></strong></span> <span class='ocrx_word' id='word_1_206' title='bbox 284 3356 332 3410; x_wconf 77' lang='grc' dir='ltr'><strong><em>καὶ</em></strong></span> <span class='ocrx_word' id='word_1_207' title='bbox 358 3353 485 3426; x_wconf 85' lang='grc' dir='ltr'><strong><em>δεόμενοι</em></strong></span> <span class='ocrx_word' id='word_1_208' title='bbox 510 3373 533 3411; x_wconf 86' lang='grc' dir='ltr'><strong><em>ο.</em></strong></span> <span class='ocrx_word' id='word_1_209' title='bbox 557 3356 660 3411; x_wconf 78' lang='lat' dir='ltr'><strong>Reiske</strong></span> <span class='ocrx_word' id='word_1_210' title='bbox 736 3363 770 3411; x_wconf 70' lang='lat'><strong><em>24</em></strong></span> <span class='ocrx_word' id='word_1_211' title='bbox 793 3355 928 3412; x_wconf 84' lang='grc' dir='ltr'><strong><em>οάκέτιΟ</em></strong></span> <span class='ocrx_word' id='word_1_212' title='bbox 1002 3363 1036 3412; x_wconf 78' lang='lat'><strong><em>26</em></strong></span> <span class='ocrx_word' id='word_1_213' title='bbox 1060 3359 1171 3432; x_wconf 77' lang='grc' dir='ltr'><strong><em>αὑτῷλι</em></strong></span> 
     </span>
    </p>
   </div>
   <div class='ocr_carea' id='block_1_4' title="bbox 153 3443 784 3537">
    <p class='ocr_par' dir='ltr' id='par_1_10' title="bbox 153 3443 784 3537">
     <span class='ocr_line' id='line_1_30' title="bbox 153 3443 784 3537; baseline -0.002 -19"><span class='ocrx_word' id='word_1_214' title='bbox 153 3463 267 3537; x_wconf 76' lang='grc' dir='ltr'><strong><em>αὐτῷΒ</em></strong></span> <span class='ocrx_word' id='word_1_215' title='bbox 341 3469 373 3517; x_wconf 77' lang='grc'><strong><em>27</em></strong></span> <span class='ocrx_word' id='word_1_216' title='bbox 394 3443 526 3532; x_wconf 68' lang='grc' dir='ltr'><strong><em>στραάίάν</em></strong></span> <span class='ocrx_word' id='word_1_217' title='bbox 549 3465 570 3518; x_wconf 85' lang='lat' dir='ltr'>L</span> <span class='ocrx_word' id='word_1_218' title='bbox 591 3444 736 3533; x_wconf 80' lang='grc' dir='ltr'><strong><em>στρατείαν</em></strong></span> <span class='ocrx_word' id='word_1_219' title='bbox 754 3464 784 3517; x_wconf 89' lang='grc' dir='ltr'>Μ</span> 
     </span>
    </p>
   </div>
   <div class='ocr_carea' id='block_1_5' title="bbox 0 0 1338 3922">
    <p class='ocr_par' dir='ltr' id='par_1_11' title="bbox 0 0 1338 3922">
     <span class='ocr_line' id='line_1_31' title="bbox 0 0 1338 3922; baseline 0 0"><span class='ocrx_word' id='word_1_220' title='bbox 0 0 1338 3922; x_wconf 95' lang='lat' dir='ltr'><strong><em> </em></strong></span> 
     </span>
    </p>
   </div>
  </div>
 </body>
</html>
