2656 3932
165 185 228 249 172
581 211 616 220 ··
653 183 693 234 IA
730 211 764 218 -

163 309 269 395 φύσιν
291 331 326 373 τε
353 307 394 373 οὑ
423 310 592 392 φρενήρης
620 305 705 390 άνήρ
732 307 788 372 καί
814 306 881 373 ὑπὸ
904 306 1069 390 μεγέθους
1091 305 1186 384 ἐξου-

163 418 237 493 σίας
259 414 521 500 διεφθαρμένος,
549 415 652 479 οἰδῶν
679 436 715 478 τε
741 414 803 497 τήν
824 415 937 498 ψυχήν
958 414 1014 478 καὶ
1039 412 1185 492 ζέοντά

163 522 335 607 σπλάγχνα
357 523 414 587 διὰ
437 523 496 587 τὸν
519 518 625 606 ἔρωτα
643 531 700 605 τῆς
722 521 856 604 παιδός,
879 521 956 586 οὑτε
978 529 1049 596 τοῖς
1071 521 1186 603 λόγοις

162 627 528 713 τῶνάπολοχουμίνον
546 637 722 712 προσεῖχεν
746 628 823 692 οὔτε
846 637 916 704 τοις
938 626 1102 712 δάκρυσιν
1124 627 1264 692 acb-2247

132 747 219 821 ιτής
246 733 420 819 έπεκλᾶτο,
446 739 508 820 τήν
535 759 571 800 τε
598 734 812 816 συμπάθειαν
838 743 906 800 τῶν
930 736 1107 819 παρόντων
1134 733 1182 798 δι’
1221 762 1223 767 ’

162 843 263 928 όρχής
294 841 490 926 ἐλάμβανεν,
528 842 572 919 ὡς
603 841 704 918 αὑτὸς
740 841 781 925 δή
818 842 972 918 πλείονος
1008 841 1057 906 διν
1093 839 1185 918 άξιος

162 947 257 1016 ἐλέου
293 950 349 1014 καί
386 950 557 1033 δεινότερα
593 948 659 1013 ὑπὸ
696 957 755 1030 τῆς
790 945 1042 1035 δεδουλωμένης
1080 947 1185 1012 αὐτὸν

122 1057 346 1141 ὑεὺμορφίοις
375 1057 562 1134 πεπονθώς.
609 1057 665 1120 διὰ
696 1055 737 1138 δή
767 1063 871 1119 ταῦτα
900 1053 1008 1119 πάντα
1038 1055 1184 1138 Ιοίστρῶν

163 1165 265 1247 λόχον
291 1186 326 1230 τε
353 1163 531 1248 ὑπέμεινεν
559 1165 667 1228 εἰπεῖν
694 1162 928 1246 ἀναίσχυντον,
956 1158 989 1238 ἐξ
1018 1155 1058 1226 οὑ
1086 1184 1184 1226 κατα-

119 1291 144 1332 ιο
163 1270 271 1354 φαυής
298 1268 429 1353 ἐγένετο
457 1280 527 1352 τοῖς
553 1270 771 1351 ὑπονοοῦσιν,
801 1268 852 1333 ότι
878 1269 916 1332 τὸ
944 1267 1185 1352 συκοφάντημα

161 1379 244 1442 κατὰ
275 1387 332 1462 τής
368 1379 469 1462 κόρης
505 1377 606 1454 αὑτὸς
642 1373 766 1462 ἔγραφε,
801 1375 857 1440 καὶ
893 1371 994 1459 ἔργον
1025 1373 1183 1458 ἐτόλμησε

162 1486 365 1568 τυραννικὸν
387 1481 509 1569 πρᾶξαι
530 1485 586 1548 καί
609 1484 708 1566 ὠμόν.

232 1589 381 1655 XXXVL
396 1588 470 1656 Ἔτι
497 1592 561 1675 γάρ
589 1591 701 1655 αὐτῶν
729 1591 896 1674 λεγόντων
922 1589 1065 1674 ήσυχίαν
1092 1588 1184 1673 νενέ-

162 1703 245 1762 σθαι
275 1697 447 1780 κελεύσας,
480 1695 593 1781 ἐπειδή
627 1701 734 1782 σιωπή
762 1695 792 1760 τ’
813 1695 959 1780 ἐγένετο,
991 1696 1047 1761 καί
1073 1705 1137 1772 πᾶς
1165 1695 1183 1760 ὁ

118 1823 143 1866 ιι
161 1804 243 1868 κατά
260 1805 323 1888 τήν
342 1802 469 1888 άχορὺν
488 1804 585 1886 όχλος
603 1804 665 1887 τήν
683 1801 790 1888 ὁρμήν
811 1801 997 1886 ἐλάμβανεν
1019 1801 1184 1889 ἐπιθυμία

161 1909 315 1993 γνώσεως
353 1919 421 1976 τῶν
456 1907 513 1975 ὑπ’
546 1910 650 1976 αὐτοῦ
693 1910 949 1994 λεχθησομίνων
990 1912 1183 1994 προαχθείς,

162 2016 319 2094 πολλάκις
346 2015 545 2103 ἐπιστρέψας
571 2018 613 2082 τὸ
638 2017 819 2102 πρόσωπον
846 2018 926 2102 τήδε
948 2017 1003 2086 καί
1025 2017 1105 2104 τήδε
1127 2017 1183 2082 καλ

161 2125 201 2188 τά
224 2127 325 2209 στίφη
349 2135 416 2190 τῶν
437 2123 588 2210 ἑταίρων,
612 2116 662 2200 οίς
685 2124 850 2209 διειλήφει
871 2124 933 2208 τήν
954 2123 1090 2210 άγοράν,
1113 2134 1183 2200 τοῖς
1192 2141 1257 2189 2248

121 2231 284 2314 Ξόμμοισι
316 2231 621 2316 διαριθμησάμενος
654 2227 758 2298 τοιάδ’
787 2224 891 2296 είπεν·
921 2230 1004 2318 Ἐγὼ
1037 2231 1075 2295 δὲ
1106 2231 1183 2312 περὶ

117 2359 143 2399 ιο
162 2339 261 2421 τοῦδε
283 2347 344 2404 τοῦ
367 2339 572 2422 πράγματος,
600 2333 626 2403 ἐι
653 2338 844 2423 Οὐεργίνιε,
867 2337 922 2403 καὶ
945 2336 1039 2419 ὑμεῖς
1061 2338 1095 2403 οἱ
1108 2339 1182 2406 Ιοὑν

161 2444 267 2530 τούτῳ
291 2446 467 2530 παρόντες,
491 2445 531 2509 οὐ
555 2453 621 2510 νῦν
640 2455 774 2529 πρῶτον
797 2443 935 2529 ἀκήκοα,
959 2443 1043 2509 ἀλλά
1064 2445 1181 2508 παλαί-

161 2572 259 2634 τερον
286 2547 334 2614 έτι
361 2551 443 2636 πρὶν
471 2550 492 2635 ή
523 2551 622 2635 τήνδε
651 2553 713 2635 τήν
743 2550 848 2635 άρχήν
877 2554 1091 2635 παραλαβεῖν.
1141 2550 1182 2614 ὃν

162 2657 286 2742 τρόπον
310 2653 341 2720 δ’
356 2653 474 2740 ἔγνων,
498 2656 668 2722 άκοόσατε.
705 2656 723 2722 ὑ
743 2660 850 2743 πατήρ
869 2656 887 2723 ὁ
906 2658 1050 2744 Μάρκου
1069 2662 1182 2723 Κλαυ·

234 2873 249 2921 2
275 2865 486 2995 διεφθαρμένον
507 2869 529 2922 L
602 2875 618 2923 ὅ
644 2872 708 2938 post
734 2869 867 2924 ἐπεκλᾶτο
893 2870 1003 2924 addunt
1024 2870 1046 2924 Ο
1069 2873 1182 2938 praeter

161 2937 209 2992 LV
226 2959 242 2992 τ
262 2959 275 3001 ς
294 2959 310 2992 κ
329 2959 391 3009 ρης,
410 2940 486 3008 quod
504 2940 647 3010 Kiessling
665 2941 822 2996 intextum
840 2942 947 3011 recepit
1019 2949 1035 2996 6
1054 2939 1182 3004 πλείονος

161 3005 196 3078 ἦν
214 2947 263 3064 ἐνί
327 3015 342 3064 9
361 3012 528 3083 καταφανής
546 3011 569 3066 Ο
593 3012 756 3081 καταφανὲς
773 3012 846 3066 falso
864 3012 1008 3083 Kiessling
1071 3018 1105 3066 10
1123 3021 1181 3074 τοῖς

161 3081 282 3149 τάληθὲς
298 3083 469 3138 ὑπονοοῦσιν
488 3100 510 3138 ο,
525 3083 629 3138 Reiske
689 3089 721 3138 11
742 3082 847 3154 ἔγραψε
866 3083 914 3137 LV
933 3083 1033 3138 ἔπλασε
1052 3084 1081 3137 Μ
1100 3083 1181 3138 ἐπλά-

162 3169 228 3236 εατο
248 3169 270 3236 ο.
286 3151 457 3225 Grasberger
470 3155 546 3210 Τοεε.
561 3155 676 3240 Ηετφίρ,
691 3173 718 3224 p.
730 3161 763 3208 37
784 3155 889 3239 ίρραψε
906 3173 929 3210 ο.
940 3155 1090 3225 ΚίεεεΗυς,
1105 3155 1180 3244 ουφὺ

161 3225 1180 3370 315233243223535323220532230532252?ssss&m2322:

162 3366 247 3436 βανεν
274 3383 325 3435 per
352 3385 473 3424 errorem
498 3370 652 3440 Kiessling3
679 3369 752 3423 nihil
779 3370 946 3423 mutandum
974 3385 1034 3424 εεεε
1059 3367 1180 3438 Sylburg

161 3437 245 3504 vidit3
264 3438 314 3507 τήν
334 3437 422 3509 ὁρμήν
441 3440 577 3512 ἐλάμβανε
595 3441 671 3496 idem
691 3443 735 3496 est
753 3441 829 3509 quod
846 3442 998 3509 προσώρμα
1120 3491 1122 3497 .
