2662 3920
178 207 222 271 62
607 207 764 256 -1-

178 331 284 398 οὐδέν
317 331 486 399 διαθεῖναι
516 331 578 416 τήν
609 333 710 396 πόλιν
740 331 972 416 ἠδυνήθησαν,
1004 331 1045 396 οὐ
1077 333 1201 417 μικράν

138 439 216 504 2δέ
238 437 403 523 ὠφέλειαν
426 439 463 504 τὸ
487 437 662 516 στασιάζον
684 436 860 516 ἀνελόντες
886 435 920 516 ἐξ
948 437 1057 522 αὐτῆς.
1103 436 1201 522 ἐγκύ-

177 551 273 611 κλιον
303 547 368 631 γάρ
400 545 441 629 δὴ
473 553 572 611 τοῦτο
605 546 661 610 καί
692 543 730 612 ἐν
763 542 835 612 ἔδει
866 543 910 630 ἦν
939 546 1004 630 ήδη
1036 554 1076 631 τῃ
1105 548 1201 612 πόλει

177 651 406 742 πολεμουμένῃ
439 652 501 734 μὲν
532 652 699 736 ὁμονοεῖν,
731 654 869 738 εἰρήνην
901 652 939 718 δέ
966 649 1102 743 ἀγούσῃ·
1124 668 1202 718 στα-

147 759 309 838 εσιάζειν.
363 767 462 825 τοῦτο
497 759 692 836 συνιδόντες
724 760 866 837 άπαντες
898 760 932 825 οἰ
962 761 1020 838 τὰς
1051 759 1202 837 ὑπάτους

178 865 280 952 ἀρχάς
311 869 560 954 παραλαβόντες
591 863 662 932 κατ’
690 867 788 952 εὐχάς
823 867 885 950 μέν
921 867 953 932 εἰ
986 889 1036 944 τις
1073 863 1201 945 ἔξωθεν

178 973 379 1058 ἐπανασταίη
406 976 548 1056 πόλεμος
575 971 776 1056 ἐλάμβανον·
805 974 1038 1058 ἡσυχαζόντων
1067 973 1106 1038 δέ
1131 985 1201 1039 τῶν
1211 992 1287 1040 2078

178 1081 368 1146 ἀντιπάλων
404 1080 500 1146 αὐτοὶ
535 1081 774 1160 κατεσκεύαζον
810 1079 996 1166 ἐγκλήματα
1030 1081 1087 1146 καί
1118 1101 1201 1165 προ·

179 1187 296 1274 φάσεις
322 1187 486 1272 πολέμων,
513 1187 570 1256 άτε
597 1187 740 1274 ὁρῶντες
768 1189 824 1254 διὰ
847 1189 911 1272 μέν
933 1191 1013 1265 τοὺς
1035 1186 1200 1270 πολέμους

134 1315 160 1354 ιο
177 1294 323 1379 μεγάλην
350 1295 406 1360 καί
433 1295 615 1377 εὐδαίμονα
641 1294 823 1380 γινομένην
850 1297 912 1380 τήν
938 1297 1048 1379 πόλιν,
1078 1295 1135 1360 διά
1162 1295 1201 1361 δέ

138 1401 236 1478 3τάς
262 1401 392 1479 στάσεις
418 1405 578 1487 ταπεινὴν
605 1402 661 1466 καί
686 1401 823 1487 ἀσθενῆ.
869 1394 920 1479 οἷς
942 1401 1039 1484 ὅμοια
1062 1403 1200 1487 γνόντες

178 1510 211 1574 οἰ
241 1511 315 1575 τότε
346 1507 468 1574 ύπατοι
499 1508 658 1595 στρατιὰν
691 1506 822 1592 ἐξάγειν
858 1506 1004 1594 ἔκριναν,
1030 1507 1085 1575 ἐπὶ
1120 1512 1200 1586 τοὺς

178 1619 356 1698 πολεμίους
383 1616 583 1700 δεδοικότες,
610 1619 655 1700 μή
682 1639 715 1680 τι
742 1617 799 1681 διά
825 1618 886 1700 την
913 1617 1052 1702 εἰρήνην
1074 1614 1200 1702 ἄρξων-

178 1746 231 1788 ται
253 1722 426 1808 ταράττειν
444 1722 542 1807 ἀργοί
564 1723 619 1788 καί
642 1720 780 1807 πένητες
802 1723 993 1808 ἀνθρωττοι,
1015 1733 1115 1789 τοῦτο
1138 1723 1201 1807 μέν

135 1849 160 1889 ιι
179 1829 292 1914 ὀρθῶς
325 1830 467 1912 ἰδόντες,
503 1829 554 1894 ότι
590 1830 643 1896 δεῖ
678 1838 880 1916 περισπάσαι
910 1831 971 1895 τὸν
1007 1827 1109 1915 ὄχλου
1145 1829 1200 1896 ἐπὶ

178 1939 257 2013 τοὺς
275 1933 335 2014 ἐξω
355 1935 534 2020 πολέμους,
552 1935 590 2002 τὸ
610 1936 648 2002 δέ
665 1939 746 2020 μετὰ
763 1945 862 2002 τοῦτο
882 1936 945 2001 ούκ
963 1936 1083 2024 ὀρθῶς.
1121 1938 1200 2004 δέον

178 2045 242 2128 γάρ
275 2043 398 2120 αὐτοὺς
428 2044 473 2120 ὡς
505 2042 542 2109 ἐν
573 2045 721 2134 νοσούσῃ
753 2045 848 2110 πόλει
879 2045 1026 2130 μετρίαις
1053 2052 1201 2131 χρῆσθαι

177 2161 249 2229 ταῖς
281 2153 530 2237 στρατολογίαις
561 2149 616 2217 ἐπί
646 2152 684 2216 τὸ
717 2152 776 2238 βία
807 2151 1090 2236 προσαναγκάζειν
1122 2155 1201 2230 τοὺς

178 2258 402 2336 ἀπειθοῦντας
435 2256 632 2344 ἐτράποντο,
669 2259 747 2324 οὔτε
778 2261 978 2345 παραίτησιν
1011 2259 1088 2324 ούτε
1121 2276 1200 2343 συγ-

134 2383 161 2423 ιο
178 2364 314 2448 γνώμην
341 2365 456 2431 ούδενί
484 2366 634 2442 διδόντες
662 2365 832 2449 οὐδεμίαν,
860 2365 944 2432 ἀλλά
970 2375 1043 2443 ταῖς
1069 2364 1106 2432 ἐκ
1133 2377 1200 2432 τῶν

178 2473 291 2553 νόμων
323 2474 493 2557 τιμωρίαις
525 2472 572 2550 είς
603 2495 639 2538 τε
670 2474 711 2538 τά
743 2474 877 2556 σώματα
907 2473 963 2540 καί
994 2473 1053 2550 τάς
1068 2497 1071 2504 ’
1084 2472 1201 2550 οὐσίας

138 2576 290 2643 4αύτῶν
330 2589 455 2663 πικρῶς
493 2580 664 2664 χρώμενοι.
724 2589 827 2646 ταῦτα
863 2579 1052 2646 ποιούντων
1089 2579 1201 2645 αὐτῶν

179 2683 335 2770 ἀφορμήν
363 2678 464 2761 αὖθις
494 2686 674 2770 εἰλήφεσαν
704 2687 737 2751 οἱ
766 2687 928 2772 δήμαρχοι
957 2696 1018 2752 τοῦ
1048 2688 1200 2772 δημαγω-

178 2801 251 2875 γεῖν
283 2791 323 2856 τά
355 2794 482 2876 πλήθη·
514 2791 570 2858 καί
602 2795 847 2876 συναγαγόντες
878 2795 927 2871 εἰς
953 2793 1130 2878 ἐκκλησίαν
1159 2792 1200 2858 τά
1210 2810 1283 2860 2079

135 2917 161 2957 ει
178 2898 206 2963 τ’
231 2899 315 2963 ἀλλα
340 2907 408 2963 τῶν
435 2896 571 2963 ὑπάτων
598 2901 777 2984 κατεβόων,
803 2901 859 2966 καί
886 2901 937 2968 ότι
964 2904 1110 2978 πολλοὺς
1132 2912 1200 2966 τῶν

179 3009 324 3070 πολιτῶν
354 3002 531 3070 ἐκέλευσαν
560 3006 608 3083 εἰς
637 3007 674 3072 τὸ
708 3007 933 3093 δεσμωτήριον
965 3007 1106 3092 ἀπάγειν
1138 3009 1200 3092 τήν

251 3151 266 3198 1
285 3144 331 3198 vel
348 3141 489 3216 παρέσχον
508 3147 574 3200 ante
592 3144 730 3216 ὠφέλειαν
749 3147 928 3203 inserendum
946 3147 991 3203 vel
1009 3149 1043 3203 ού
1062 3147 1149 3217 μικρὰ
1168 3148 1199 3202 δὲ

180 3213 326 3284 ὠφέλησαν
341 3216 492 3286 legendum
506 3234 566 3272 εεεε
581 3235 605 3272 ο,
616 3217 738 3289 Sylburg
803 3226 820 3274 4
838 3217 1029 3293 πολεμουμένῃ
1045 3219 1067 3274 O
1086 3223 1200 3287 πολιορ-

179 3284 301 3360 κουμένῃ
320 3304 343 3341 ο.
358 3287 402 3342 Fr.
417 3288 506 3344 Kaebs
525 3287 579 3343 Zur
597 3290 675 3344 Rect.
696 3291 722 3344 d.
740 3289 827 3344 Οοεαε
846 3291 921 3358 112,
941 3291 991 3346 sed
1010 3291 1046 3344 ab
1065 3291 1121 3345 hoo
1137 3291 1199 3345 loco

179 3361 339 3426 πολιορκεῖν
359 3358 508 3416 abhorrere
525 3361 611 3415 verba
630 3360 744 3430 εἰρήνην
764 3362 870 3433 ἀγούσῃ
889 3363 992 3416 docent
1060 3368 1074 3416 ’ἰ
1095 3362 1200 3417 ἐπανα-

181 3427 261 3498 σταίη
290 3429 312 3483 Ο
346 3429 483 3499 ἀνασταίη
511 3449 534 3485 α.
559 3431 648 3488 Cobet
674 3431 740 3488 Obs.
768 3450 795 3501 p.
821 3438 872 3486 195
955 3439 988 3487 15
1017 3430 1126 3496 ἰδόντες
1154 3434 1200 3488 Ba

181 3497 285 3562 εἰδότες
302 3501 328 3554 R
347 3501 382 3556 cf.
402 3501 488 3556 Cobet
507 3501 571 3557 Obs.
591 3521 618 3573 p.
635 3509 686 3558 195
760 3509 795 3558 24
812 3503 853 3565 εἰς
872 3503 936 3556 εδδ.
953 3503 977 3556 Β
996 3521 1049 3558 om.
1067 3505 1092 3557 R
