2656 3932
579 246 613 254 -
650 219 691 270 IA
728 247 762 254 -
1116 221 1180 288 115

160 344 278 426 μόνας,
301 340 540 408 ἐναντιοῦσθαι
562 341 600 407 δὲ
623 351 692 420 τοῖς
715 342 951 428 πραττομένοις
975 340 1181 412 ἀδυνατοῦν-

160 471 227 533 τες,
258 445 336 516 οὔθ’
359 450 392 514 οῖ
419 447 685 535 καταγραφέντες
712 451 759 527 εἰς
786 451 824 515 τὸ
853 453 1072 534 βουλευτικὸν
1101 469 1181 518 συν-

161 555 284 641 έδριον,
307 555 367 634 οδς
385 554 566 640 ἐπάναγκες
584 552 652 621 ἐδει
672 565 827 642 παρεῖναι
850 567 922 635 ταῖς
944 557 1074 644 ἀρχαῖς,
1098 559 1180 625 ἀλλὰ

159 663 214 728 καί
245 663 374 729 τούτων
406 665 439 729 οἱ
474 664 609 740 πλείους
645 662 950 747 ἀνασκευασάμενοι
985 668 1180 754 πανοικεσίᾳ

159 770 214 834 καί
236 771 295 846 τάς
318 771 423 848 οἰκίας
446 767 588 856 ἐρήμους
611 769 750 854 ἀφέντες
773 769 811 836 ἐν
831 781 901 848 τοῖς
923 770 1039 856 ἀγροῖς
1061 773 1180 858 διότρι-
1205 795 1217 835 ι

159 879 230 959 βον.
275 886 346 954 τοῖς
375 877 414 942 δὲ
443 876 665 962 ὀλιγαρχικοῖς
693 873 771 943 καθ’
796 877 923 962 ἡδονήν
953 880 988 944 αἱ
1016 890 1084 945 τῶν
1111 878 1219 946 ἐπι-4

78 983 376 1067 εΙοε-φανεστάνων
403 983 537 1070 ἀνδρῶν
565 981 717 1066 ἐγίνοντο
745 985 852 1069 φυγαί
878 990 1012 1051 πολλῶν
1036 986 1098 1069 μὲν
1124 987 1180 1053 καλ

159 1091 270 1155 ἀλλων
288 1089 398 1174 ἕνεκα,
422 1090 562 1173 μάλιστα
580 1089 618 1155 δέ
636 1090 687 1156 ότι
705 1099 774 1168 τοῖς
792 1089 987 1170 ἀκολάστοις
1007 1104 1075 1158 τῶν
1092 1093 1180 1160 νέων

159 1199 245 1262 πολὺ
277 1199 314 1262 τὸ
348 1198 496 1274 αὔθαδες
526 1199 742 1282 προσεγίνετο
775 1195 851 1282 μηδ’
874 1199 949 1279 ὄψει
981 1200 1180 1284 δυναμένοις

161 1305 257 1388 ἰδεῖν,
280 1303 339 1381 οδς
361 1301 499 1387 ἔμελλον
522 1303 658 1388 ἀσελγές
680 1327 712 1369 τι
732 1305 932 1390 πράττοντες
950 1308 1179 1393 αἰσχύνεσθαι.
1198 1332 1224 1372 ιο

230 1411 287 1476 ΠΙ.
311 1409 556 1496 Ἐρημουμένης
588 1411 626 1476 δὲ
656 1420 716 1476 τοῦ
748 1414 936 1498 κρείττονος
968 1411 1092 1492 ἔθνους
1122 1425 1180 1499 τής

158 1519 286 1594 πόλεως
307 1517 363 1582 καί
385 1519 423 1583 τὸ
446 1515 629 1605 ἐλεύθερον
647 1518 736 1584 άπαν
754 1517 1000 1600 ἀπολωλεκυίας
1023 1519 1179 1608 ἀφορμήν

159 1625 338 1710 κρατίστην
356 1623 583 1706 ὑπολαβόντες
605 1623 727 1690 ἐκεῖνοι
749 1627 782 1690 ol
804 1626 936 1716 πολέμῳ
958 1628 1180 1714 κρατηθέντες

159 1728 216 1795 ὑπ’
239 1731 340 1816 αύτής
367 1730 425 1808 τάς
451 1753 487 1796 τε
512 1731 628 1818 ὕβρεις
655 1731 694 1810 ἃς
718 1732 933 1818 ὑβρίσθησαν
956 1735 1179 1802 ἀποτίσεσθαι

159 1838 214 1903 καί
245 1839 285 1903 τά
303 1823 510 1904 Ιἀπολωλότα
542 1838 732 1924 ἀναλαβεῖν,
765 1840 810 1918 ὡς
838 1843 1004 1927 νοσούσης
1033 1843 1089 1908 διὰ
1118 1845 1179 1927 τήν
1197 1863 1223 1905 15

159 1944 353 2031 ὀλιγαρχίαν
381 1954 439 2030 τῆς
468 1947 595 2023 πόλεως
620 1947 676 2012 καί
704 1947 780 2012 οὔτε
808 1957 969 2032 συστῆναι
999 1947 1077 2015 οὔθ’
1102 1949 1178 2032 ὁμο-

157 2061 277 2136 νοήσαι
300 2051 370 2117 οὔτ’
387 2051 626 2136 ἀντιλαβέσθαι
646 2063 714 2118 τῶν
731 2063 855 2118 κοινῶν
874 2051 922 2119 ἐτι
940 2054 1179 2140 δυνησομένης,

158 2159 487 2245 παρασκευασάμενοι
518 2161 559 2224 τά
581 2160 674 2245 πρὸς
709 2161 769 2226 τὸν
800 2162 946 2242 πόλεμον
978 2159 1178 2229 ἐλαύνουσιν

158 2265 208 2332 ἐπ’
231 2265 335 2350 αὐτήν
359 2265 579 2350 στρατεύμασι
605 2265 766 2350 μεγάλοις.
812 2266 868 2331 καὶ
890 2269 972 2332 κατά
994 2269 1054 2333 τὸν
1078 2269 1217 2336 αύτὸν2

158 2374 282 2458 χρόνον
309 2374 453 2454 Σαβῖνοι
485 2370 683 2455 ἐμβαλόντες
715 2374 762 2450 είς
794 2374 855 2457 τήν
887 2373 1092 2460 όμοτέρμονα
1122 2379 1223 2443 καίεο

157 2484 283 2564 πολλής
318 2480 492 2562 γενόμενοι
529 2481 618 2556 λείας
653 2477 821 2565 ἐγκρατεῖς
858 2482 966 2565 φόνον
1002 2505 1038 2548 τε
1069 2487 1178 2550 πολὺν

158 2585 377 2672 ἐργασάμενοι
403 2595 463 2652 τοῦ
491 2594 674 2672 γεωργικοῦ
701 2590 854 2672 πλήθους
881 2586 919 2653 ἐν
943 2585 1073 2679 Ἠρήτῳ
1102 2615 1178 2657 κατ-

78 2709 147 2758 2153
158 2692 475 2780 εστρατοπέδευσαν·
503 2692 652 2778 διέστηκε
679 2693 711 2759 δ’
732 2693 796 2760 ἀπὸ
819 2703 877 2779 τής
896 2693 1017 2780 Ῥώμης
1038 2697 1059 2781 ή
1083 2701 1178 2775 πόλις

159 2801 241 2886 αὕτη
264 2800 503 2887 τετταράκοντα
525 2801 581 2866 καί
603 2799 721 2867 ἑκατὸν
744 2801 901 2880 σταδίους
927 2805 1070 2888 πλησίον
1093 2799 1177 2870 οὖσα

231 3053 247 3101 2
261 3045 323 3102 οὐδ’
337 3047 365 3102 οἱ
379 3047 401 3102 Ο
417 3045 484 3102 ow
496 3047 524 3102 ολ
537 3047 641 3102 Reiske
686 3052 701 3102 9
721 3045 895 3118 δυναμένους
908 3047 956 3103 LV
1003 3055 1036 3104 10
1053 3049 1178 3121 ἀσελγέσι

159 3118 207 3171 LV
221 3115 333 3188 ἀσελγές
349 3139 377 3172 τι
390 3119 532 3189 Kiessling
587 3125 618 3172 11
639 3117 743 3182 ἔθνους
756 3119 805 3172 LV
823 3117 923 3188 μόρους
937 3120 967 3173 Μ
1022 3126 1055 3174 13
1074 3121 1178 3177 ἐκεῖνοι

159 3189 187 3243 ολ
206 3189 228 3244 0
248 3190 369 3245 Αἰκανοὶ
388 3189 569 3246 casaubonus
588 3189 661 3261 ἔχειν
680 3190 707 3245 οῖ
725 3191 868 3262 Kiessling
882 3191 957 3260 quod
973 3191 1076 3260 probat
1090 3192 1178 3248 Cobet

159 3259 225 3315 Oba.
243 3279 271 3329 p.
287 3266 338 3315 202
362 3260 433 3327 ἕξειν
452 3261 480 3316 ολ
497 3261 583 3329 Prou;
602 3278 666 3317 moa
684 3262 799 3330 quidem
818 3263 958 3316 sententia
976 3263 1048 3317 nihil
1066 3267 1177 3318 mutan-

160 3331 227 3386 dum
253 3335 307 3400 est3
333 3332 369 3386 de
391 3333 420 3386 vi
442 3333 517 3388 vocis
540 3333 647 3394 ἐκεῖνος
672 3333 707 3386 οῖ.
729 3333 845 3388 Κῖῖλεοεε
902 3351 968 3403 .gr.
988 3334 1028 3388 H·
1041 3341 1093 3390 560
1112 3337 1137 3389 A
1152 3342 1176 3402 2,

160 3403 274 3457 schmid
301 3404 387 3458 Attio.
411 3404 424 3458 I
448 3409 499 3459 118
576 3409 610 3460 20
639 3405 760 3529 Σαξῖνοι
787 3404 837 3474 μὲν
865 3351 953 3459 ggbefi
982 3405 1046 3461 obs.
1074 3424 1102 3476 p.
1125 3413 1175 3460 202

160 3481 193 3528 22
213 3473 288 3547 ῥινῷ
303 3473 358 3528 MV
378 3473 450 3548 ίιτῖ
465 3476 487 3528 L
505 3473 615 3548 Ἠιόνι
635 3475 684 3544 Syl
703 3493 758 3546 urg

982 3583 1016 3636 8*
