2656 3932
163 212 228 278 134
556 173 614 254 '-
651 218 691 269 121
729 246 762 256 -

160 337 216 403 καί
239 341 468 424 παρεγενόμην
491 341 539 418 είς
563 343 625 426 τὴν
652 343 762 408 οίκίαν
790 342 851 428 οὐχ
879 341 980 427 ἅπαξ,
1008 344 1182 429 ἀπήλασαν

161 443 202 509 δέ
221 467 261 526 με
284 446 317 510 ολ
339 445 393 510 σοί
415 448 531 524 παῖδες
554 447 618 514 ἀπὸ
640 460 709 514 τῶν
729 450 861 514 οἰκείων
880 449 920 515 οὐ
945 453 1069 536 σχολὴν
1087 454 1183 537 ἄγειν

149 541 198 616 σε
229 551 394 637 λέγοντες,
424 552 495 619 ἀλλ’
520 554 614 642 ἕτερά
643 579 719 621 τινα
747 556 904 642 πράττειν
931 555 1182 645 ἀναγκαιότερα,

161 659 191 723 εἰ
214 659 255 742 δή
277 661 313 725 τί
333 676 387 725 σοι
409 669 467 744 τῆς
488 662 573 746 πρὸς
595 663 632 728 τὸ
655 662 753 746 γένος
775 663 945 746 εὐσεβείας
971 664 1182 749 ἀναγκαιότε-

161 789 223 851 ρον
242 763 293 850 ἦν.
330 767 412 851 τάχα
435 766 466 832 δ’
481 768 542 853 οὐχ
564 768 631 834 ὑπὸ
655 778 717 835 σοῦ
740 770 978 848 κελευσθέντες
1000 773 1033 836 ολ
1055 775 1182 858 παῖδες,

161 871 231 938 ἀλλ’
255 869 309 958 ἐφ’
334 872 462 940 ἑαυτῶν
491 877 629 959 γνόντες
658 877 844 943 διέκλεισόν
875 899 915 959 με
946 887 1004 962 τῆς
1036 881 1182 965 εἰσόδου,

159 979 215 1044 καί
241 981 426 1066 βουλοίμην
455 981 561 1060 οὕτως
589 982 733 1069 τάληθὲς
764 980 860 1068 ἔχειν.
908 985 945 1050 τὸ
976 991 1111 1072 πρᾶγμα
1139 988 1181 1072 δή
1279 1046 1284 1054 .

159 1109 199 1168 με
230 1087 396 1171 ἠνάγκασε
428 1098 526 1155 τοῦτο
559 1091 778 1176 διαλεχθῆναι
810 1088 900 1170 <έν>
933 1101 978 1180 τῷ
1015 1094 1181 1182 συνεδρίῳ

160 1195 243 1278 πρὸς
265 1195 303 1260 σε
325 1196 402 1281 περὶ
425 1191 473 1262 ὧν
495 1195 693 1283 ἐβουλόμην,
719 1196 832 1282 ἐπειδη
856 1199 947 1286 μόνηο
970 1201 1053 1284 πρὸς
1075 1203 1182 1282 μόνον

117 1324 142 1362 ιο
160 1300 222 1366 οὐκ
240 1299 414 1386 ἐξεγένετο.
451 1305 570 1390 καιρὸν
588 1303 618 1368 δ’
636 1301 703 1390 ἔχει
725 1304 833 1388 πάντη
857 1303 1015 1388 λέγεσθαι
1036 1308 1077 1372 τὰ
1097 1309 1182 1373 καλὰ

159 1409 215 1474 καί
246 1409 461 1494 συμφέροντα
492 1408 570 1496 παρ’
597 1411 791 1496 ἀνθρώποις
823 1415 961 1496 μᾶλλον,
989 1410 1124 1498 ”Am
1160 1413 1265 1499 ἢειεο

121 1516 301 1603 3μηδαμη.
347 1517 565 1596 ἀποδεδωκὼς
595 1518 637 1603 δη
665 1534 719 1583 σοι
746 1519 786 1582 τδι
813 1527 873 1584 τοῦ
901 1519 1021 1602 γένους
1048 1520 1182 1606 ὀφειλη-

159 1647 245 1705 ματα
267 1624 474 1710 μαρτύρομαι
496 1625 615 1708 θεούς,
643 1619 691 1690 ὧν
717 1626 789 1710 ἱερὰ
816 1625 872 1691 καί
894 1629 1027 1710 βωμοὺς
1053 1637 1182 1706 κοιναίς

159 1732 297 1807 θυσίαις
328 1733 525 1816 γεραίρομεν
552 1733 590 1797 ,οἱ
621 1742 679 1816 τῆς
707 1731 850 1798 Ἀππίου
877 1739 993 1816 γενεᾶς
1020 1734 1182 1819 διάδοχοι,

116 1858 142 1898 ιι
160 1837 215 1901 καί
233 1839 410 1922 προγόνων
429 1838 603 1922 δαίμονας,
624 1830 674 1916 οἷς
692 1841 772 1921 μετὰ
790 1841 894 1917 θεοὺς
913 1841 1069 1927 δευτέρας
1087 1844 1182 1925 τιμὰς

159 1944 214 2010 καὶ
236 1944 370 2030 χάριτας
393 1943 597 2028 ἀποδίδομεν
614 1946 743 2030 κοινός,
766 1945 852 2033 ὑπὲρ
875 1947 1022 2025 ἅπαντας
1044 1948 1083 2014 δδ
1105 1950 1181 2015 τού-

159 2074 238 2128 τους
269 2062 343 2137 γῆν,
374 2052 395 2136 ἣ
427 2051 555 2138 κατέχει
584 2053 644 2118 τὸν
673 2053 736 2118 σὸν
767 2053 831 2135 μέν
861 2053 1002 2140 πατέρα,
1034 2053 1115 2138 έμὸν
1148 2055 1177 2120 δ’

159 2158 318 2244 ἀδελφόν,
355 2159 406 2224 ότι
439 2176 494 2226 σοι
524 2159 731 2246 παρέσχημαι
763 2163 876 2244 ψυχήν
907 2184 943 2226 τε
974 2161 1030 2226 καί
1063 2164 1181 2247 φωνην

158 2267 220 2350 την
248 2264 392 2349 ἐμαυτοῦ
419 2269 459 2332 τὰ
486 2266 643 2353 κράτιστα
670 2265 932 2352 βουλευομένην,
960 2269 1016 2333 καί
1041 2267 1181 2356 ἐπανορ-

115 2395 141 2434 ιι
159 2379 234 2438 θῶν
265 2375 323 2451 τὰς
354 2371 491 2458 ἀγνοίας
523 2391 585 2440 σου
617 2375 700 2440 κατὰ
730 2374 875 2458 δύναμιν
901 2377 963 2460 τὴν
990 2373 1073 2462 έμην
1101 2375 1179 2456 ἀξιῶ

160 2495 196 2544 σε
218 2481 262 2564 μη
286 2490 356 2557 τοῖς
377 2491 490 2558 κακοῖς
514 2483 632 2547 ίᾶσθαι
649 2483 690 2546 τὰ
707 2481 806 2565 καλό,
829 2482 912 2566 μηδὲ
929 2493 997 2548 τῶν
1015 2485 1181 2550 πλειόνων

160 2586 361 2671 ὀρεγόμενον
390 2587 445 2652 καί
474 2589 514 2653 τὰ
543 2590 693 2672 παρόντα
723 2587 896 2673 ἀπολέσαι,
925 2586 1002 2674 μηδ’
1028 2591 1084 2655 ἵνα
1112 2602 1180 2656 τῶν

120 739 141 802 2

130 830 142 870 ό

230 2767 246 2815 2
266 2759 323 2817 ἀπὸ
341 2770 397 2816 τῶν
415 2759 527 2816 οἰκείων
550 2777 641 2830 neque
664 2761 786 2833 Sylburg
809 2763 859 2832 qui
879 2761 936 2820 ἀπὸ
954 2772 1003 2834 τῆς
1022 2763 1114 2828 οἰκίας
1132 2783 1180 2820 ne-

159 2849 213 2958 ‘15¹⁶
220 2833 353 2960 δῗὶξῗι
372 2829 1179 2973 332’20222‘2⁹„ssss“3ss2⁹1u3⁰2205222{2*2¹}⁶3¹3n{3333

159 2925 279 3046 ῨίίέίοΙρε
297 2977 372 3042 von’‚
392 2924 533 3044 ‘prgpssor'
552 2925 587 3030 cys.
608 2973 703 3068 Tegge
722 2924 835 3042 anest.
855 2979 891 3032 de
909 2996 963 3032 usu
980 2995 1077 3070 ηομερ,
1096 2997 1124 3048 p.
1145 2951 1179 3034 3δ

160 3045 275 3115 Βέτεροί
292 3066 320 3101 τι
338 3047 386 3100 LV
449 3044 512 3100 4δ’
530 3045 576 3100 ἐπὶ
596 3045 618 3101 Ο
642 3049 679 3117 δη
695 3067 723 3102 τι
740 3048 845 3103 Reiske
913 3049 984 3119 όέφ
1012 3051 1042 3103 Μ
1061 3049 1114 3120 ἀφ’
1131 3049 1180 3104 ΙΝ

161 3125 175 3171 7
195 3115 345 3188 βουλοίμην
364 3115 400 3172 διν
418 3117 528 3188 Kn'iger
543 3118 630 3173 Index
644 3137 686 3190 gr.
700 3137 741 3190 gr.
760 3138 788 3190 p.
803 3125 855 3175 263
873 3121 923 3175 καί
941 3121 968 3175 εί
986 3122 1088 3192 βοόλει,
1107 3121 1178 3177 οὕτω

158 3189 280 3258 τάληθὲς
298 3186 380 3259 έχέτο)
399 3206 422 3244 ο.
437 3189 533 3244 Naber
551 3189 653 3246 Mnem.
669 3195 712 3258 30,
726 3196 779 3246 256
801 3191 804 3263 ί
827 3189 877 3247 *τὸ
896 3191 1002 3261 ἀληθές
1021 3193 1043 3248 O
1112 3198 1128 3248 8
1148 3193 1179 3248 ἐν

160 3260 224 3314 εδδ.
245 3259 426 3316 Oasaubonus
491 3267 523 3316 11
542 3261 621 3331 παρὰ
640 3262 805 3331 ἀνθρώποις
824 3263 846 3318 O
865 3263 951 3320 verba
970 3281 1179 3333 supervacanea

161 3348 220 3386 esse
242 3331 357 3386 Reiskio
381 3333 589 3388 concedendum
609 3336 664 3402 εει,
683 3334 733 3388 sed
750 3333 880 3404 intellegi
899 3338 1018 3404 possunfi
1091 3342 1123 3390 12
1143 3337 1180 3405 δή

161 3402 247 3528 ῧοέῡ
267 3401 479 3528 ἀέτὸξεδωκότος
494 3404 530 3474 δή
544 3419 594 3460 σου
608 3405 638 3458 Μ
690 3411 723 3459 21
742 3413 801 3467 τοῖς
820 3407 886 3460 ante
904 3415 1004 3469 κακοῖς
1023 3406 1077 3462 del.
1092 3407 1180 3463 Cobet

205 3491 225 3528 ε.
244 3491 272 3543 p.
