2668 3922
145 207 209 272 198
563 236 597 244 -
634 209 675 260 ΙΑ
710 237 745 244 -

142 334 284 418 ληφότες
315 332 373 408 τάς
404 334 540 416 ψήφους
572 332 701 415 πολλὴν
731 334 861 417 μωρίαν
893 326 979 398 είναι
1011 331 1164 416 λέγοντες

142 439 275 524 ἑτέρους
313 447 474 524 περιορᾶν
512 439 553 503 τά
584 437 729 524 σφέτερα
763 438 971 524 κατέχοντας,
1009 439 1065 504 καὶ
1100 439 1163 504 οὐκ

142 546 276 629 εὐσεβὲς
298 543 440 623 ἐξοίσειν
456 544 551 622 τέλος
567 545 875 630 ὑπολαμβάνοντες,
894 545 955 612 ἐὰν
968 543 1162 631 Ἀρικηνοὺς

140 650 364 738 ηἈρδεάτας
392 654 532 738 κυρίους
561 651 759 730 ἀποδείξωσι
789 661 847 737 τῆς
870 649 1162 738 ἀμφισβητησίμου

110 770 202 844 ιφῆς
232 760 438 842 ὀμωμοκότες
467 754 516 826 ὧν
543 759 586 825 ἀν
609 759 753 846 εὕρωσιν
776 760 882 845 αὐτὴν
905 754 1012 826 οὖσαν
1034 760 1163 826 τούτων

141 865 335 954 ἐπικρινεῖν·
373 876 443 944 τοῖς
473 890 510 932 τε
542 867 766 950 δικαζομένοις
797 867 903 953 ὀργὴν
934 863 1079 952 ἔχοντες,
1112 867 1163 932 ὅτι

140 975 219 1051 τοὺς
242 970 552 1060 ἀποστερουμένους
575 975 677 1059 αὐτῆς
700 975 856 1052 δικαστὰς
872 972 1019 1057 ἠξίωσαν
1037 977 1162 1058 λαβεῖν,

141 1081 197 1146 ἵνα
233 1077 309 1166 μηδ’
333 1080 476 1168 ὕστερον
507 1079 556 1148 ἔτι
585 1085 703 1167 σφίσιν
737 1081 911 1166 ἐγγένηται
941 1082 1003 1166 τὴν
1035 1079 1163 1146 ἑαυτῶν

141 1185 410 1270 ἀνακομίσασθαι
431 1197 559 1273 κτῆσιν,
576 1190 620 1274 ἣν
639 1189 734 1254 αὐτοὶ
752 1185 829 1272 μεθ’
847 1188 950 1274 ὅρκου
969 1187 1163 1266 δικάσαντες

96 1270 263 1398 ὲέτέρυν
294 1294 487 1380 ἐπέγνωσαν
519 1290 612 1362 είναι.
662 1305 766 1362 ταῦτα
798 1296 838 1380 δὴ
871 1297 1077 1380 λογιζόμενοι
1107 1296 1164 1360 καλ

141 1398 406 1487 ἀγανακτοῦντες
451 1405 565 1490 τρίτον
609 1401 787 1470 ἐκέλευσαν
827 1409 968 1488 τεθῆναι
1003 1403 1163 1468 καδίσκον

140 1511 225 1597 ὑπὲρ
258 1522 316 1597 τῆς
348 1513 475 1590 πόλεως
500 1509 667 1594 Ῥωμαίων
695 1507 775 1577 καθ’
798 1509 940 1595 έκάστην
963 1514 1086 1596 φυλήν,
1115 1511 1163 1587 είς
1172 1525 1245 1576 2281

140 1618 181 1684 δν
205 1617 436 1702 ἀποθήσονται
458 1620 516 1696 τὰς
538 1622 686 1705 ψηφους·
722 1619 927 1702 καὶγίνεται
949 1619 1069 1694 πάσαις
1091 1627 1163 1695 ταῖς

140 1729 267 1811 ψήφοις
290 1724 308 1790 ὁ
323 1722 490 1808 Ῥωμαίων
508 1726 611 1809 δῆμος
629 1735 688 1810 τῆς
706 1722 895 1812 ἀμφιλόγου
914 1726 1022 1810 χώρας
1039 1725 1163 1811 κύριος.

97 1841 245 1898 τοιαῦτα
268 1832 330 1916 μέν
353 1829 408 1898 ἐπὶ
431 1833 560 1898 τούτων
582 1845 650 1899 τῶν
673 1832 810 1900 ὑπάτων
833 1831 993 1918 ἐπράχθη.

211 1937 296 2005 LIII.
324 1939 470 2025 Μάρκου
507 1940 545 2006 δὲ
578 1941 742 2006 Γενυκίου
775 1941 831 2006 καλ
864 1942 969 2006 Γαίου
1001 1940 1162 2006 Κοιντίου

140 2047 202 2131 την
221 2043 327 2132 ἀρχὴν
345 2049 601 2133 παρειληφότων
619 2049 654 2114 αί
672 2047 839 2113 πολιτικαί
861 2047 962 2112 πάλιν
986 2046 1163 2122 ἀνίσταντο

140 2155 302 2240 διαφοραὶ
331 2165 400 2220 τῶν
429 2155 617 2240 δημοτικῶν
652 2152 836 2232 ἀξιούντων
865 2155 968 2220 ἀπασι
995 2151 1164 2236 Ῥωμαίοις

140 2259 263 2340 ἐξεῖναι
285 2262 347 2346 τὴν
374 2261 504 2328 ὕπατον
527 2261 633 2348 ἀρχὴν
656 2262 839 2345 λαμβάνειν
861 2300 905 2308 -
928 2260 1007 2338 τέως
1034 2262 1098 2346 μάρ
1131 2261 1164 2324 ολ

96 2391 123 2431 ιο
140 2371 310 2454 πατρίκιοι
345 2371 444 2452 μόνοι
479 2370 642 2460 μετῄεσαν
679 2370 784 2454 αὐτην
820 2367 858 2435 ἐν
893 2377 964 2445 ταλς
1001 2369 1163 2452 λοχίτισιν

140 2473 327 2559 ἐκκλησίαις
354 2472 631 2560 ἀποδεικνύμενοι
655 2515 697 2524 -
725 2478 831 2560 νόμον
853 2499 888 2541 τε
912 2474 1164 2560 συγγράψαντες

141 2581 226 2667 ὑπὲρ
259 2591 326 2646 τῶν
357 2580 531 2650 ὑπατικῶν
563 2580 785 2669 ἀρχαιρεσιῶν
817 2581 991 2668 εἰσέφερον
1023 2583 1056 2648 οἱ
1089 2583 1163 2646 τότε

142 2689 387 2774 δημαρχοῦντες
417 2687 509 2766 ἐκτὸς
538 2687 614 2767 ἐνὸς
642 2692 747 2756 Γαΐου
781 2692 950 2775 Φουρνίου
983 2688 1104 2766 πάντες
1131 2688 1164 2752 ολ

142 2797 253 2862 λοιποί
286 2799 597 2883 συμφρονήσαντες,
630 2794 667 2862 ἐν
700 2789 727 2884 ᾦ
758 2797 818 2863 τὸν
849 2797 956 2881 δῆμον
988 2794 1163 2864 ἐποιοῦντο
1173 2811 1248 2861 2288

213 3042 422 3128 ίὶἀμφιισβήτου
437 3042 473 3113 μὴ
488 3043 569 3112 mels
584 3043 760 3168 &Wwfffiw
773 3043 888 3114 ymVM
902 3039 1164 3114 ἀμφισβητουμένης

141 3123 191 3185 γης
209 3113 352 3185 Κιεειίιορ
370 3111 613 3185 ἀμφισβητησίμου
631 3114 676 3184 Xy
688 3116 776 3170 ander
794 3115 829 3170 cf.
849 3115 888 3169 III
903 3121 945 3182 11,
960 3120 995 3170 10
1068 3120 1083 3168 6
1104 3113 1164 3168 ἐπι-

141 3183 249 3254 κρίνειν
264 3184 287 3240 Ο
302 3185 456 3254 ἐπικρινεῖν
471 3185 559 3241 Cobet
573 3185 638 3241 obs.
652 3205 680 3256 p.
691 3193 743 3241 212
801 3193 816 3240 '1
831 3187 933 3312 αδτηςδ
943 3187 1046 3248 αὐτοὺς
1059 3185 1164 3240 ReIske

143 3263 176 3312 10
205 3253 305 3322 ἐτέρων
332 3256 354 3309 L
386 3253 490 3325 ἑτέροις
514 3257 568 3310 VM
647 3265 679 3312 11
708 3255 887 3314 καδδείσσιον
960 3255 1108 3313 καδδίοιον
1133 3257 1164 3310 Μ

143 3335 176 3384 16
194 3326 302 3398 μάρκου
316 3327 362 3382 Lb
377 3347 442 3383 αιον
456 3330 501 3382 La
522 3329 525 3401 Ι
546 3327 714 3398 μενυκίουδί
727 3327 875 3399 μινουκίου
889 3329 918 3383 Μ
940 3329 942 3401 I
963 3347 1014 3398 pro
1029 3326 1163 3384 Κοιντίου

141 3399 293 3469 legendum
318 3415 379 3453 οιεο
403 3398 527 3467 Κυρτίου
553 3417 575 3455 0.
600 3401 730 3470 Sigonius
803 3407 837 3455 24
862 3401 1021 3472 ἐποιοῦντο]
1047 3397 1163 3456 ἐποίουν

143 3488 166 3526 ο.
186 3469 274 3525 Cobet
292 3467 356 3524 Obs.
376 3488 403 3540 p.
419 3477 470 3526 212
