2668 3922
557 225 745 275 -ιΔ-
898 189 1159 308 ’,ιω

139 349 235 432 ὥσθ’,
271 348 370 414 ὁπότε
406 347 585 432 γυμνάζειν
621 347 832 432 έπιβάλοιντο
864 349 905 412 τά
937 348 1070 430 σώματα
1105 349 1161 413 καὶ

140 457 313 522 διαπονεῖν
336 454 374 522 ἐν
396 465 466 532 τοῖς
487 455 616 539 ὅπλοις,
634 457 818 522 κόπτεσθαι
835 454 897 537 μὲν
916 455 1062 538 ἄσθματι
1081 471 1161 520 συν-

139 573 207 647 εχεῖ
234 564 275 628 τά
304 562 490 646 πνεύματα,
521 562 655 649 ῥεῖσθαι
678 559 708 626 δ’
734 562 847 649 ίδρῶτι
870 567 982 648 πολλῷ
1006 563 1046 627 τά
1068 561 1161 647 μέλη,

7 749 8 754 ¹
138 675 265 734 θᾶττον
293 668 331 734 δὲ
358 667 566 754 ἀφίστασθαι
587 679 655 734 τῶν
678 671 793 735 πόνων
814 668 835 754 ἢ
858 673 1072 734 κελευσθεῖεν
1094 669 1160 735 ὑπὸ

138 785 207 840 τῶν
229 776 411 860 ἡγεμόνων.
457 775 566 842 Ambr.
1193 796 1205 837 ι

209 880 314 948 VIIII.
333 879 407 969 (13)
431 887 541 948 Ταῦτα
559 883 679 965 μαθὼν
698 882 716 948 ό
734 893 802 948 τῶν
816 880 983 965 Ῥωμαίων
999 883 1160 969 δικτάτωρ

138 989 323 1072 Κάμιλλος,
352 988 557 1073 συγκαλέσας
587 992 666 1067 τοὺς
694 988 775 1074 ἀμφ’
804 988 907 1054 αὑτὸν
934 987 1161 1077 ἐδημηγόρησε

138 1097 246 1162 πολλά
268 1106 491 1182 παρορμῶντα
514 1097 561 1173 είς
583 1097 720 1180 τόλμαν,
744 1094 781 1162 ἐν
804 1087 854 1173 οἷς
876 1096 932 1162 καλ
954 1097 1047 1162 τάδε·

210 1203 296 1270 ὅπλα
318 1205 492 1289 κρείττονα
512 1213 579 1268 τῶν
597 1206 812 1288 βαρβαρικῶν
828 1204 909 1288 ημῖν
926 1204 1160 1289 μεμηχάνηται,
1179 1204 1200 1268 2

137 1311 290 1395 θώρακες
315 1310 371 1375 καί
393 1309 499 1396 κράνη
522 1309 578 1374 καί
599 1310 756 1394 κνημῖδες
778 1310 834 1376 καί
855 1311 1007 1396 κραταιολ
1029 1313 1161 1396 θυρεοί,
1179 1331 1205 1371 ιο

138 1415 201 1501 ὑφ’
229 1411 277 1482 ών
307 1416 368 1482 όλα
397 1417 438 1482 τά
468 1417 602 1500 σώματα
632 1412 749 1501 έχομεν
777 1415 814 1482 έν
841 1422 990 1503 φυλακῇ,
1019 1416 1098 1503 ξίφη
1125 1441 1161 1484 τε

138 1523 330 1608 ἀμφίστομα
352 1523 408 1588 καὶ
431 1523 506 1588 ἀντὶ
529 1525 650 1609 λόγχης
672 1523 790 1608 δσσός,
813 1525 965 1609 άφυκτον
987 1523 1096 1608 βέλος
1120 1525 1161 1589 τά

138 1630 200 1713 μὲν
230 1633 467 1715 σκεπαστήρια,
497 1622 551 1696 οία
577 1631 621 1714 μὴ
645 1630 768 1717 ῥαδίως
790 1641 862 1708 ταῖς
885 1636 1026 1716 πληγαῖς
1049 1631 1161 1715 είκειν,

138 1738 179 1802 τά
209 1733 239 1801 δ’
270 1736 469 1822 άμυντηρια,
499 1738 543 1815 ὡς
573 1738 629 1802 διά
658 1737 765 1822 πάσης
793 1738 957 1825 φέρεσθαι
984 1741 1160 1824 προβολῆς.

138 1854 206 1910 τῶν
236 1843 274 1910 δὲ
303 1843 427 1927 γυμναί
456 1843 518 1926 μὲν
545 1845 581 1910 αλ
602 1846 759 1929 κεφαλαί,
782 1847 893 1929 γυμνά
916 1845 954 1911 δὲ
976 1847 1017 1911 τά
1040 1844 1161 1931 στέρνα
1179 1865 1204 1906 ιι

137 1951 194 2016 καί
212 1952 247 2017 αλ
266 1953 415 2036 λαγόνες,
433 1951 556 2035 γυμνοί
574 1951 612 2017 δὲ
629 1952 730 2038 μηροὶ
743 1952 798 2017 καί
812 1952 911 2038 σκέλη
925 1951 1021 2038 μέχρι
1034 1953 1159 2035 ποδῶν,

138 2055 243 2144 ἔρυμά
265 2081 301 2124 τε
324 2058 427 2124 οὐδὲν
450 2057 575 2144 ἕτερον,
598 2059 616 2124 ό
640 2081 672 2123 τι
694 2059 737 2142 μὴ
760 2060 894 2143 θυρεοί·
918 2057 1104 2144 άμυντηρια
1122 2058 1160 2123 δὲ

138 2167 255 2251 λόγχαι
283 2165 339 2231 καὶ
366 2165 523 2251 μάχαιραι
545 2165 681 2241 κοπίδες
702 2163 908 2249 ὑπερμήκεις.
955 2161 1028 2251 (14)
1058 2166 1102 2230 Τό
1124 2164 1199 2229 τε3

137 2274 272 2357 χωρίον,
302 2270 340 2337 έν
368 2264 395 2358 ηδ
421 2272 482 2336 τὸν
509 2271 622 2355 ἀγῶνα
645 2272 869 2354 ποιησόμεθα,
892 2270 1058 2356 σόνεργον
1080 2271 1160 2354 ἡμῖν

138 2388 208 2456 τοῖς
237 2377 302 2442 άπὸ
331 2379 497 2464 μετεώρου
528 2385 700 2444 κατιοῦσιν
723 2375 777 2443 έπλ
799 2379 837 2443 τὸ
860 2377 998 2464 πρανές,
1021 2376 1160 2456 ἐκείνοις
1178 2399 1204 2440 ιο
1328 2375 1329 2386 ’

138 2484 176 2551 δὲ
205 2483 365 2567 πολέμιον
393 2494 464 2562 τοῖς
492 2483 529 2550 έκ
558 2493 618 2550 τοῦ
648 2489 823 2570 χθαμαλοῦ
846 2486 930 2570 πρὸς
951 2485 992 2550 τό
1014 2484 1160 2569 μετέωρα

138 2601 259 2679 χωρεῖν
296 2590 580 2676 ἀναγκαζομένοις.
635 2594 809 2678 φοβείσθω
846 2591 884 2657 δέ
919 2592 1034 2677 μηδείς
1065 2592 1160 2676 ὑμῶν

211 2773 225 2822 7
250 2765 336 2840 ἀμφ’]
364 2765 416 2835 ἀφ’
440 2767 535 2824 Ambr.
610 2774 625 2822 8
650 2766 764 2838 τόλμαν,
788 2767 818 2823 ἐν
841 2763 884 2831 οἷς
906 2768 955 2822 καὶ
978 2767 1053 2822 τάδε.
1087 2765 1159 2821 ὅπλα

138 2838 233 2894 Ambr.
252 2836 369 2909 τόλμαν·
384 2838 496 2908 Ἄνδρες
513 2838 549 2894 τά
566 2839 617 2910 μὲν
637 2837 709 2894 όπλα
727 2839 819 2894 Maius
892 2846 925 2894 12
950 2836 1042 2901 ὀιστός
1062 2837 1157 2892 Ambr.

138 2907 221 2971 όσσός
245 2911 402 2966 rectissime
427 2928 449 2965 0.
471 2910 568 2965 Naber
591 2911 695 2968 Mnem.
717 2916 759 2977 30,
779 2916 844 2979 2593
870 2911 906 2965 cf.
929 2910 1015 2966 verba
1039 2910 1159 2978 Dionysi

138 2980 164 3034 V
182 2986 261 3046 46,2
334 2988 368 3036 14
394 2980 433 3036 δι’
456 2981 566 3052 άπάσης
590 2982 675 3052 vulgo
701 2983 808 3037 correxi
880 2988 914 3036 15
936 2990 992 3037 τῶν
1012 2980 1042 3035 δὲ
1061 2979 1157 3036 Ambr.

138 3055 250 3106 Κελτῶν
276 3053 306 3107 δέ
333 3053 432 3108 Struve
512 3059 546 3107 18
573 3052 710 3123 μάχαιραι
734 3051 849 3116 κοπίδες
875 3053 972 3107 Ambr.
997 3053 1159 3122 μαγειρικαλ

138 3120 253 3185 κοπίδες
276 3124 375 3179 Struve
399 3124 536 3195 μάχαιραι
558 3125 663 3180 delevit
687 3124 837 3194 Kiessling.
876 3125 940 3180 Mea
963 3124 1078 3194 quidem
1097 3141 1158 3179 sen-

137 3194 229 3248 tentia
252 3195 324 3250 nihil
348 3197 515 3251 mutandum
539 3199 594 3265 est3
620 3195 772 3264 Dionysius
794 3196 885 3250 multa
902 3195 1040 3251 vocabula
1058 3212 1074 3251 e
1092 3213 1158 3288 ρου-

137 3268 232 3320 tarum
263 3283 389 3322 sermone
419 3268 579 3338 adoptavit3
608 3268 643 3322 cf.
669 3267 820 3336 Euripides
849 3267 923 3337 chl.
949 3272 1000 3322 240
1035 3267 1038 3340 λ
1071 3287 1103 3323 το
1129 3287 1158 3321 τε

138 3336 235 3392 Ambr‚
253 3334 285 3393 τδ
304 3337 335 3392 δὲ
355 3338 454 3394 Sbruve
519 3345 553 3394 22
573 3336 693 3411 φοβείτω
713 3338 744 3394 δὲ
762 3339 832 3409 μηδὲ
850 3341 927 3409 ὑμῶν
946 3338 1042 3393 Ambr.
1062 3336 1158 3410 φοβεί-

139 3412 200 3464 σθω
227 3408 326 3463 Struve
350 3409 385 3466 cf.
404 3411 552 3466 Baumann
575 3409 641 3466 Obs.
661 3426 749 3480 gram.
768 3428 796 3480 p.
811 3417 845 3466 62
868 3411 965 3480 μηθεὶς
984 3410 1077 3465 Maius
1099 3417 1159 3472 τοῖς

139 3478 196 3537 άπδ
213 3489 263 3537 τοῦ
282 3482 420 3551 μετεώρου
438 3492 583 3540 κατιοῦσιν
601 3481 697 3553 Tegge
716 3482 829 3549 Quaest.
848 3500 876 3552 p,
891 3487 926 3537 20
