2656 3932
576 250 609 259 -
647 223 687 274 ῙΑ
724 251 758 260 -
1111 224 1172 289 131

153 372 247 425 τινας
274 346 429 431 ἀλλήλοις
457 345 621 412 δεδώκατε
647 349 752 424 θεοὺς
775 345 938 431 ἐγγυητάς
960 348 1176 432 ποιησάμενοι

154 493 198 502 -—
234 453 316 539 τάχα
351 453 415 538 γάρ
452 475 484 517 τι
520 453 576 518 καλ
611 461 765 518 τοιοῦτον
800 453 883 537 ὑμῖν
918 453 1101 540 πέπρακται
1131 492 1175 504 -

155 560 405 648 φυλαττομένας
433 561 591 636 ἀνοσίους
619 553 705 626 εἶναι
727 561 837 644 νόμιζε
860 561 905 638 ὡς
927 562 1009 627 κατὰ
1031 566 1176 628 πολιτῶν

154 669 210 735 καί
232 668 406 754 πατρίδος,
428 665 675 749 καταλυομένας
697 667 730 731 δ’
746 668 901 751 εὐσεβεῖς.
934 669 1011 734 θεολ
1033 671 1097 754 γὰρ
1120 668 1174 735 ἐπὶ

153 781 269 853 καλαῖς
291 776 347 840 καί
370 775 513 852 δικαίαις
535 773 855 860 παραλαμβάνεσθαι
878 780 1037 860 φιλοῦσιν
1060 775 1177 860 δμολο-
1208 798 1220 838 ι

154 885 257 966 γίαις,
280 881 342 948 οὐκ
364 879 417 948 ἐπ’
434 883 584 968 αἰσχραῖς
606 881 662 946 καί
686 881 822 959 ἀδίκοις.

226 987 298 1054 XIL
334 990 379 1054 Εί
409 988 447 1054 δὲ
476 989 532 1053 διά
560 985 670 1072 φόβον
693 986 827 1074 ἐχθρῶν
850 987 959 1066 ὀκνεῖς
985 989 1177 1056 ἀποθέσθαι

71 1113 145 1165 2185
155 1098 216 1181 τὴν
240 1097 356 1182 ἀρχήν,
378 1099 423 1180 μή
446 1112 500 1162 σοι
522 1095 679 1161 κίνδυνοί
701 1119 787 1173 τινες
810 1093 843 1174 ἐξ
867 1097 979 1162 αὐτῶν
994 1095 1177 1183 ἐπαχβῶσι,

154 1204 210 1270 καὶ
233 1204 327 1280 δίκας
350 1201 566 1288 ἀναγκασθῇς
588 1201 724 1284 ὑπέχειν
746 1213 815 1268 τῶν
837 1203 1088 1290 πεπραγμένων,
1115 1205 1177 1270 οὐκ

156 1312 269 1397 ὀρθῶς
291 1309 450 1386 δέδοικας.
480 1309 520 1374 οὐ
544 1310 608 1396 γάρ
632 1308 726 1388 οὕτω,
741 1307 950 1396 μικράθυμος
973 1311 1047 1376 οὐδ’
1064 1311 1177 1398 ἀχάρι·
1196 1334 1222 1373 ιο

156 1435 233 1494 στος
260 1414 352 1482 ἔσται
374 1415 392 1481 ὁ
412 1413 579 1498 Ῥωμαίων
609 1416 727 1500 δῆμος,
755 1416 839 1482 ὥστε
860 1427 929 1483 τῶν
951 1419 1013 1500 μὲν
1036 1418 1178 1505 ἁμαρτη-

155 1524 267 1606 μάτων
291 1539 353 1588 σον
372 1528 579 1607 μεμνῆσθαι,
606 1533 674 1588 τῶν
688 1523 721 1588 δ’
738 1524 937 1610 εὐεργεσιῶν
950 1523 1178 1610 ἐπιλελῆσθαι,

157 1631 230 1697 ἀλλ’
248 1627 549 1715 ἀντιπαρεξετάζων
567 1631 608 1695 τά
630 1639 696 1696 νῦν
715 1629 828 1714 ἀγαδά
851 1641 921 1709 τοῖς
943 1632 1044 1698 πάλαι
1065 1643 1178 1711 κακοῖς

156 1737 267 1804 ἐκεῖνα
288 1737 350 1820 μὲν
363 1737 520 1821 ἡγήσεται
535 1737 733 1822 συγγνώμης
746 1735 835 1822 ἀξια,
858 1747 961 1805 ταῦτα
975 1739 1007 1804 δ’
1022 1738 1178 1806 ἐπαίνων.

156 1842 294 1931 ὑπάρξει
327 1842 367 1910 δέ
397 1859 450 1909 σοι
481 1844 537 1909 καί
568 1855 636 1910 τῶν
665 1846 730 1930 πρὸ
760 1852 819 1930 τῆς
851 1845 1042 1933 ὀλιγαρχίας
1070 1823 1222 1950 ἀργωνιῗ5

156 1957 290 2017 πολλῶν
320 1951 376 2016 καί
407 1956 519 2016 καλῶν
546 1951 654 2017 ὄντων
680 1951 944 2036 ὑπομιμνήσκειν
973 1955 1033 2018 τὸν
1060 1954 1178 2038 δῆμον,

156 2059 212 2124 καλ
230 2061 292 2144 τὴν
310 2057 395 2143 ὑπὲρ
419 2048 556 2124 ἐκείνων
574 2059 672 2144 χάριν
691 2059 739 2136 είς
756 2061 920 2143 βοήθειαν
938 2060 994 2124 καλ
1013 2063 1179 2146 σωτηρίαν

157 2166 318 2250 ἀπαιτεῖν,
351 2167 545 2249 ἀπολογίαις
577 2187 613 2229 τε
645 2171 791 2248 χρῆσθαι
818 2167 902 2250 πρὸς
930 2167 971 2230 τά
997 2171 1178 2251 κατηγορη-

157 2295 242 2355 ματα
262 2277 411 2350 πολλαῖς·
436 2282 535 2338 τοῦτο
558 2270 630 2355 μέν,
653 2271 698 2348 ὡς
720 2270 782 2336 οὐκ
803 2271 902 2350 αὐτὸς
920 2272 1071 2358 ἥμαρτες,
1095 2273 1179 2338 ἀλλά

157 2390 225 2444 τῶν
261 2379 372 2444 ἀλλων
401 2402 450 2456 τις
483 2375 689 2464 ἀγνοοῦντάς
721 2394 795 2444 σου·
832 2386 931 2444 τοῦτο
964 2378 1009 2464 δ’,
1041 2380 1086 2457 ὡς
1117 2379 1177 2464 οὐχ
1196 2403 1223 2442 το

160 2485 272 2562 ἱκανὸς
302 2481 394 2569 ᾖσθα
425 2487 486 2551 τὸν
517 2484 705 2570 πράττοντα
735 2486 878 2552 κωλύειν
907 2482 1057 2570 ίσάτιμον
1084 2487 1178 2553 ὄντα·

157 2601 256 2659 τοῦτο
293 2593 339 2676 δ’,
380 2593 424 2670 ὡς
465 2592 580 2679 ἑτέρου
617 2593 708 2672 τινὸς
744 2589 845 2680 ἔργον
881 2596 1045 2681 χρησίμου
1081 2595 1179 2681 χάριν

157 2699 373 2785 ἡυαγκάσθης
404 2699 592 2784 ἀβούλητόν
620 2723 653 2766 τι
679 2700 865 2784 ὑπομεῖναι.
911 2705 1016 2780 πολὺς
1042 2704 1106 2789 γάρ
1136 2702 1218 2768 ἀνὸ

159 2807 209 2891 εἰἠ
242 2806 259 2872 ὁ
290 2804 403 2892 λόγος,
433 2808 463 2872 εί
490 2807 597 2886 πάσας
624 2805 879 2894 ἐξαριθμεῖσθαι
907 2811 1093 2894 βουλοίμην
1121 2811 1201 2886 τάς

160 2912 347 2998 ἀπολογίας.
398 2915 453 2980 καί
485 2906 536 2992 οίς
566 2915 672 2999 μηδὲν
704 2911 899 3000 ἀπολόγημα
930 2913 1070 3002 ὑπάρχει
1099 2919 1179 3000 μήτε
1197 2937 1222 2977 ει

161 3020 290 3086 δίκαιον
312 3023 387 3106 μήτ’
404 3019 558 3105 ἐπιεικές,
581 3020 822 3106 ὁμολογοῦντες
844 3023 900 3088 καὶ
922 3023 1180 3108 παραιτούμενοι

233 3201 249 3249 3
276 3194 485 3266 φυλαττομένας
511 3196 562 3266 μὲν
590 3197 650 3251 cod.
680 3197 832 3253 deteriores
911 3203 928 3251 4
953 3199 1018 3266 post
1044 3195 1180 3266 πατρίδος

161 3266 264 3321 Reiske
282 3265 466 3338 γεγενημένας
482 3267 547 3323 add.
603 3273 619 3322 9
636 3268 867 3338 άναγκασθελςν
923 3273 957 3322 10
973 3266 1121 3339 πρόθυμος
1134 3271 1180 3324 La

161 3334 336 3408 μικράθυμος
349 3339 426 3393 LbR
481 3345 515 3394 13
534 3338 634 3410 ἀγαθά
652 3341 681 3394 οδ
698 3348 798 3402 κακοῖς
817 3339 870 3395 del.
886 3338 976 3394 Cobet
991 3339 1055 3395 Obs.
1075 3359 1103 3410 p.
1119 3346 1179 3408 204,

162 3409 211 3465 sed
238 3409 273 3464 τά
300 3418 353 3464 νῖν
381 3410 481 3480 ἀγαθὰ
509 3414 695 3480 spontaneam
722 3411 881 3480 tyrannidis
907 3411 1093 3466 eiurationem
1120 3429 1180 3467 esse

161 3481 261 3536 merito
280 3481 383 3536 Reiske
402 3482 473 3536 dicit
532 3488 566 3536 23
585 3482 639 3553 γὰρ
658 3483 748 3538 om.L
803 3489 838 3538 24
856 3481 871 3539 ὁ
891 3500 944 3538 om.
960 3482 982 3537 0
1001 3485 1115 3552 praeter
1131 3483 1180 3538 LV

984 3591 1019 3643 9*

1140 3661 1150 3704 ί
