2656 3932
563 261 596 272 ·-
634 235 674 286 M
712 261 745 272 -·
1099 233 1162 299 175

144 366 250 443 λεται,
276 359 357 444 πρὶν
380 357 416 426 ἐκ
439 368 497 442 τῆς
519 357 643 444 άγορᾶς
671 358 777 443 αὐτην
802 358 1008 444 ἀπαχθῆναι,
1037 374 1164 443 συγχω-

144 469 308 552 ρήσαντος
329 475 390 532 τοῦ
414 474 600 551 στρατηγοῦ
622 466 678 531 καί
701 475 769 531 τῶν
791 464 925 551 ἐχθρῶν
947 466 1067 550 μικρὸν
1085 465 1164 530 άνα-

142 573 365 658 χωρησάντων
403 573 583 656 ὑπολαβὼν
622 573 670 650 είς
710 575 772 658 τῆν
807 570 1012 657 ἐκλυομένην
1042 595 1078 637 τε
1109 573 1164 637 καί

142 678 392 766 καταρρέουσαν
414 680 470 745 καί
496 679 702 764 κατέχουσαν
724 678 806 756 τέως
827 679 889 762 μέν
911 677 1101 745 ἀνεκαλεῖτο
1129 701 1164 744 τε

143 788 198 853 καί
221 788 391 872 κατεφίλει
412 787 468 852 καλ
490 788 549 863 τὰς
572 787 711 870 λιβάδας
733 783 884 868 ἐξέματτε
905 796 974 852 τῶν
998 786 1164 870 δακρύων,
1196 808 1209 847 ι

144 891 256 959 ἔπειτα
278 894 361 958 κατὰ
383 894 503 978 μικρὸν
526 893 676 978 ὑπάγων,
699 894 744 970 ὡς
765 889 809 976 ἦν
827 890 927 976 ἐγγὺς
945 891 1164 979 ἐργαστηρίου

143 1009 352 1086 μαγειρικοῦ,
390 999 555 1086 μάχαιραν
591 997 776 1086 ἐξαρπάσας
812 997 877 1065 άπὸ
914 1009 972 1084 τῆς
1007 998 1165 1086 τραπέζης

144 1110 234 1174 παίει
270 1109 332 1192 τῆν
367 1106 539 1194 θυγατέρα
576 1107 632 1172 διὰ
668 1119 736 1172 τῶν
766 1107 972 1191 ,σπλάγχνων
1003 1115 1165 1173 τοσοῦτον

145 1215 261 1280 εἰπών·
291 1211 496 1299 Ἐλευθέραν
528 1231 566 1280 σε
597 1214 653 1279 καί
685 1213 888 1300 εὐσχήμονα,
920 1213 1048 1299 τέκνον,
1085 1215 1204 1280 ἀπο-6

61 1340 133 1388 2262
145 1321 268 1387 στέλλω
304 1330 374 1398 τοῖς
409 1322 492 1386 κατὰ
527 1331 588 1405 γῆς
620 1323 811 1407 προγόνοις·
851 1324 937 1400 ζῶσα
968 1323 1032 1406 γάρ
1063 1331 1166 1386 ταῦτα
1184 1343 1210 1382 ιο

145 1429 208 1494 ούκ
230 1427 308 1513 ἐξῆν
331 1424 419 1513 ἔχειν
442 1427 613 1512 ἀμφότερα
636 1429 692 1492 διὰ
715 1429 775 1494 τὸν
797 1429 975 1514 τύραννον.
1020 1439 1167 1514 κραυγῆς

146 1536 184 1602 δὲ
205 1534 386 1620 γενομένης
408 1532 602 1624 ᾑμαγμένην
627 1531 713 1620 ἔχων
735 1537 797 1620 τῆν
820 1536 969 1621 σφαγίδα
988 1535 1044 1601 καί
1067 1535 1167 1612 αὐτὸς

146 1643 327 1725 άνάμεστος
351 1642 487 1723 αἵματος
509 1645 703 1726 γενόμενος,
732 1633 760 1730 ηδ
782 1641 997 1729 προσέφυρεν
1019 1642 1165 1725 αύτὸνῆ

146 1751 258 1834 σφαγῆ
288 1759 346 1833 τῆς
372 1750 487 1834 κόρης,
518 1745 591 1815 ἔθει
618 1751 674 1815 διὰ
701 1761 758 1836 τῆς
786 1752 913 1828 πόλεως
940 1747 1085 1835 ἐμμανὴς
1112 1747 1166 1814 ἐπὶ

145 1859 207 1941 τῆν
235 1855 433 1941 ἐλευθερίαν
459 1859 538 1933 τοὺς
565 1859 702 1935 πολίτας
728 1862 848 1923 καλῶν.
894 1857 1167 1939 διεκπαισάμενος
1185 1916 1210 1956 1⁵

145 1962 183 2028 δὲ
205 1964 263 2041 τὰς
281 1962 389 2039 πύλας
407 1962 508 2048 ἀνέβη
528 1966 587 2030 τὸν
607 1965 720 2048 ἵππον,
744 1964 780 2042 ὃς
798 1961 841 2048 ῆν
859 1963 1167 2048 παρεσκευασμένος

146 2069 251 2156 αύτῷ,
277 2069 333 2134 καί
356 2068 547 2136 συνέτεινεν
570 2069 625 2136 ἐπί
647 2073 685 2137 τὸ
709 2071 946 2156 στρατόπεδον,
970 2068 1103 2135 Ἰκιλίου
1131 2091 1166 2133 τε

144 2177 201 2242 καί
218 2177 433 2263 Νομιτωρίον
452 2187 519 2242 τῶν
538 2177 734 2262 ἀγαγόντων
757 2177 860 2242 αὐτὸν
883 2175 920 2242 ἐκ
942 2185 1002 2241 τοῦ
1025 2177 1167 2261 χάρακος

145 2285 331 2364 νεανίσκων
357 2285 413 2349 καί
440 2287 514 2350 τότε
541 2286 882 2371 συμπροπεμπόντων.
927 2283 1109 2366 ἠκολούθει
1132 2279 1162 2347 δ’

147 2389 261 2467 αύτολς
290 2390 346 2456 καί
377 2391 477 2468 άλλος
509 2391 607 2476 όχλος
640 2391 793 2475 δημοτῶν
825 2390 888 2458 οὐκ
920 2389 1047 2474 ὀλίγος,
1083 2390 1166 2455 ὥστε
1186 2409 1212 2448 ιο

145 2499 224 2574 τοὺς
247 2497 439 2579 σύμπαντας
462 2497 548 2583 ἀμφὶ
571 2499 804 2584 τετρακοσίους
827 2495 994 2581 γενέσθαι.

217 2787 233 2834 3
252 2781 293 2844 είς
306 2781 357 2852 τὴν
372 2778 578 2851 έκλυομένηνΟ
598 2781 668 2850 αύτή
670 2780 755 2835 νέκλ.
770 2781 871 2835 Portus
920 2787 937 2834 4
956 2778 1129 2850 κατέχουσαν
1145 2780 1166 2833 O

146 2849 270 2921 κατέχων
296 2851 399 2906 Reiske
424 2852 473 2907 καλ
498 2781 672 2922 κατέχουσαν
698 2851 752 2907 del.
777 2849 864 2906 Cobet
883 2850 987 2920 Obs.p
990 2857 1062 2904 211
1086 2851 1167 2914 falso,

146 2938 213 2975 nam
231 2921 358 2994 κατέχειν
377 2927 420 2978 εει
437 2925 514 2978 idem
533 2926 563 2978 at
583 2940 619 2978 ue
638 2924 775 2990 cessare,
794 2923 931 2992 impetum
951 2921 1107 2987 cohibere&
1132 2921 1166 2976 ef

147 2993 289 3063 Aristoph.
309 2995 359 3063 είρ.
378 3013 403 3050 v
419 3000 471 3050 931
540 2941 610 3064 θᾳῆν
629 3011 683 3049 om.
698 2995 719 3048 L
784 2991 974 3048 θάποστέλλω
994 2993 1058 3046 add
1074 2963 1146 3045 Lb'
1138 3010 1168 3045 m

146 3063 249 3118 lacuna
322 3071 356 3120 10
378 3066 451 3121 κατδι
473 3075 525 3137 γῆν
549 3065 572 3120 Ο
598 3067 672 3120 κατὰ
693 3074 744 3136 γῆς
767 3064 785 3119 S
785 3065 901 3134 yglbur3
921 3065 956 3119 cf
974 3063 1084 3133 Jacoby
1102 3063 1167 3118 Oba.

146 3151 174 3203 p.
190 3139 242 3189 330
306 3143 338 3192 11
358 3138 421 3208 ούχλ
439 3137 583 3208 Kiessling
608 3137 611 3209 λ
640 3137 713 3207 ἔχειν
732 3153 785 3192 om
785 3083 995 3219 yOprgaeterb
1020 3136 1023 3207 Ι
1052 3132 1146 3190 διδι
1119 3156 1168 3190 τον

145 3205 286 3273 τύραννον
307 3209 371 3264 add.
391 3208 464 3263 Lb
455 3227 487 3264 m
504 3209 557 3264 lae.
637 3209 721 3278 1212)
688 3209 773 3278 τῆνο
775 3228 813 3278 φρ
775 3206 901 3334 φαχέδα
919 3207 990 3260 La·
982 3225 1013 3262 m
1029 3223 1095 3298 mge
1117 3207 1168 3276 τῆν

146 3275 588 3407 LbzamblbecfetLiwalfobb:
608 3279 901 3420 Ιιζέξιειέιῗεῃὲεηέιεοίμοέδ
923 3275 1057 3404 (διιδέἐὸς
1081 3278 1169 3403 ΟΙοδθδ

146 3436 218 3488 προσ
234 3416 397 3496 φυσενΟ
379 3443 400 3476 ω
418 3421 594 3492 προοίφυρεν
614 3421 807 3490 Οοεειιὶιοιιιιες
823 3422 858 3476 cf
873 3419 1002 3476 thzeler
1020 3420 1167 3475 Animadv

146 3491 172 3544 ΙΙ
191 3497 225 3548 33
299 3498 333 3547 14
352 3479 474 3564 ἐμμανὴς
492 3493 565 3548 Lb'
557 3513 587 3548 ιιι
606 3493 658 3548 lae.
