2668 3922
562 267 597 275 -
634 239 677 290 113*
712 267 747 274 -
1098 237 1164 306 229

145 365 265 433 κλύσαι
290 370 350 451 τής
377 365 569 450 παρορείου,
596 363 721 441 πολλάς
748 363 786 430 δὲ
813 364 957 449 οἰκήσεις
984 364 1165 450 γεωργικάς

145 475 355 564 καταβαλεῖν,
381 475 588 537 τελευτῶσαν
615 469 654 536 δὲ
680 469 735 536 καλ
760 471 820 562 τὸν
841 468 962 554 μεταξὺ
985 480 1053 537 τῶν
1076 470 1166 557 ὀρῶν

146 580 280 652 αὐλῶνα
293 577 483 645 ’διασπάσαι
505 577 561 644 καλ
583 578 734 661 ποταμὸν
756 575 865 663 ἐκχέαι
889 579 971 644 κατὰ
994 588 1062 666 τῶν
1083 577 1166 644 ὐττο-

144 685 306 770 κειμένων
335 686 460 752 πεδίων
489 682 643 764 έξαίσιον.
694 682 767 772 (12)
803 691 908 751 Τοῦτο
937 687 1104 769 μαθόντες
1133 685 1205 751 οί2

121 854 124 860 .
141 790 292 878 Ῥωμαῖοι
313 788 384 859 κατ’
402 791 505 878 ἀρχάς
527 791 599 876 μέν,
622 791 667 869 ὡς
685 792 861 876 όαιμονίου
879 793 971 871 τινὸς
988 794 1167 878 μηνίοντος
1198 813 1210 854 ι

144 908 185 987 τή
215 901 324 984 πόλει,
356 900 495 976 θυσίαις
525 896 743 977 ἐξιλάσασθαι
772 900 851 976 τούς
880 899 1078 984 κατέχοντας
1106 900 1166 966 τὸν

143 1007 249 1072 τόπον
270 1008 374 1084 θεοὺς
400 1005 456 1072 καί
485 1006 645 1089 δαίμονας
672 991 963 1092 έύηφίσαντοκαλ
991 1009 1071 1084 τούς
1097 997 1166 1073 ἐπι-

143 1115 287 1199 χωρίους
309 1112 442 1196 μάντεις
465 1111 654 1198 ἀνέκρινον,
681 1112 714 1178 εί
733 1135 767 1178 τι
789 1111 900 1198 λέγειν
923 1110 1071 1198 ἔχουσιν·
1094 1111 1166 1180 όπελ

144 1219 177 1284 β’
195 1220 272 1286 οὐτε
294 1221 315 1305 ἡ
339 1222 438 1304 λίμνη
465 1221 528 1305 τήν
553 1218 673 1305 ἑαυτῆς
701 1217 795 1298 τάξιν
822 1215 1065 1305 ἀπελάμβανεν,
1088 1221 1166 1287 οὐτε

144 1327 178 1392 οῑ
194 1326 328 1409 μάντεις
347 1323 482 1412 ἀκριβὲς
498 1325 600 1392 οὐδὲν
617 1323 744 1412 ἔλεγον,
763 1323 847 1392 ἀλλά
865 1337 911 1413 τῶ
929 1333 1000 1415 θεῷ
1018 1333 1166 1413 χρῆσθαι
1185 1349 1211 1390 ιο

144 1432 329 1522 παρῄνουν,
352 1432 407 1499 ἐπὶ
429 1435 467 1500 τὸ
490 1435 664 1519 Δελφικὸν
686 1443 844 1517 μαντείου
867 1429 1065 1503 ἀπέστειλαν
1087 1418 1166 1500 θεο-

144 1540 303 1624 τρόπους
348 1540 457 1608 Ambr.
1002 1577 1005 1584 ·

148 1689 149 1694 κ
214 1645 270 1712 ΧΙ.
293 1644 366 1734 (13)
387 1643 446 1713 Ἐν
468 1647 507 1713 δὲ
533 1658 578 1734 τῶ
600 1645 721 1730 μεταξὺ
748 1651 858 1736 χρόνῳ
880 1647 1094 1716 Οὐιεντανῶν
1116 1667 1166 1728 τις

144 1749 298 1840 ἔμπειρος
345 1764 403 1840 τής
453 1752 632 1841 ἐπιχωρίου
681 1765 840 1840 μαντικῆς
887 1755 957 1821 διά
988 1739 1165 1842 προγόνων

143 1857 302 1946 ἐτύγχανε
339 1859 549 1946 φυλακήν”
530 1885 616 1948 εχων
651 1871 712 1929 τοῦ
753 1865 897 1949 τείχους,
938 1860 1087 1948 ἐγεγόνει
1127 1861 1168 1930 ὐέ
1184 1885 1209 1926 ιι

142 1989 192 2044 τις
224 1967 312 2054 αὐτῶ
344 1979 412 2034 τῶν
444 1967 509 2036 ἀπὸ
542 1979 600 2054 τής
618 1967 740 2055 Ῥώμης
772 1975 924 2056 λοχαγῶν
939 1986 941 1994 ’
956 1967 992 2048 ἐκ
1021 1974 1164 2036 παλαιοῦ

142 2074 317 2160 γνώριμος.
366 2069 464 2153 οὗτος
494 2075 512 2141 ὁ
543 2078 683 2170 λοχαγός
714 2075 814 2161 όγγύς
841 2059 904 2141 τού
928 2077 1058 2160 τείχους
1085 2076 1166 2142 ποτὲ

142 2183 321 2264 γενόμενος
356 2182 411 2248 καί
447 2185 527 2260 τούς
563 2187 725 2268 συνήθεις
761 2181 955 2264 ἀσπασμοὺς
987 2191 1033 2270 τῷ
1065 2181 1165 2269 ἀνόρῖ

143 2287 290 2365 ἀπούοὐς
331 2289 507 2374 οἰκτείρειν
548 2289 652 2354 αὐτὸν
690 2285 754 2376 ἔφη
784 2296 853 2373 τής
894 2287 1166 2375 καταληψομένης

142 2394 209 2477 ἅμα
240 2403 310 2472 τοῖς
342 2395 455 2473 ἀλλοις
487 2403 676 2480 συμφοράς,
709 2393 775 2460 ἐὰν
796 2395 817 2478 ή
840 2395 946 2472 πόλις
978 2394 1056 2482 ἁλῷ.
1109 2373 1210 2503 καύ20

142 2500 161 2573 ό
198 2501 370 2587 Τυρρηνὸς
402 2501 549 2586 ἀκηκοὼς
580 2501 642 2587 τήν
673 2499 859 2588 ὐπέρχυσιν
890 2511 948 2586 τής
971 2500 1092 2586 Ἀλβαν
1093 2463 1210 2582 ίύος,0

142 2609 260 2693 λίμνης
286 2607 342 2674 καὶ
368 2609 409 2674 τά
436 2610 560 2674 παλαιά
586 2608 663 2694 περὶ
689 2609 792 2694 αὐτῆς
820 2609 984 2696 προειδὼς
1010 2609 1165 2697 θέσφατα

143 2713 361 2798 ἀναγελάσας·
399 2705 483 2799 οἷον,
520 2711 656 2801 ἔφησεν,
693 2714 785 2783 ἐστὶν
821 2715 955 2801 ἀγαθὸν
983 2718 1021 2783 τὸ
1053 2739 1164 2804 προει-

143 2819 237 2887 ὐέναι
272 2823 313 2888 τά
348 2820 520 2905 μέλλοντα.
574 2821 669 2905 ὑμεῖς
704 2808 742 2892 ὐά
778 2824 861 2896 κατά
896 2825 958 2908 τήν
994 2823 1164 2908 ἀγνωσίαν

142 2937 210 2993 τῶν
237 2927 498 3014 ἀποβησομένων
520 2931 666 3012 πόλεμον
689 2929 870 3016 ἀτελήνκαί
892 2932 1018 3009 πόνους
1041 2929 1164 3015 ἀνηνύ-
1182 2952 1208 2994 ιι

142 3056 221 3112 τους
248 3034 396 3101 ἀντλεῖτε
422 3036 484 3121 τήν
510 3036 723 3103 Οὐιεντανῶν
750 3039 851 3104 πόλιν
874 3036 1073 3122 ἀναστήσειν
1096 3039 1163 3104 026-

4 3233 8 3254 *
141 3163 244 3224 μενοι
290 3142 321 3207 εί
352 3141 393 3248 όέ
420 3165 472 3220 τις
497 3141 579 3226 ὑμῖν
606 3141 783 3238 ἐδήλωσεν,
816 3144 868 3210 ὅτι
894 3153 934 3230 τή
962 3145 1057 3210 πόλει
1083 3145 1163 3232 τήόε

213 3286 229 3334 θ
248 3299 322 3335 κταα
286 3245 417 3354 ταλαβεῖν
436 3281 575 3337 Ambm
558 3284 728 3355 καταβαλεῖν
748 3282 846 3339 Struve
872 3284 924 3357 ήτε
895 3286 1047 3340 τελευτῶσα
1065 3284 1162 3340 Ambr.

143 3367 211 3409 corr
227 3350 326 3407 θῶπτε
399 3361 415 3410 6
434 3352 631 3420 ἐξιλάσεσθαι
649 3354 745 3420 Ambr
760 3356 787 3410 A
860 3362 891 3412 11
912 3352 1076 3412 ἀπέστειλαν
1096 3356 1162 3412 add.

141 3421 276 3490 Ambr.Q
358 3430 393 3480 14
412 3424 462 3480 διά
483 3445 505 3480 π
506 3423 613 3497 ρωογόν
615 3423 1163 3518 ν]ίατε1ἀπόπρογόνονο.8ὐιμτο

142 3500 176 3550 26
194 3494 246 3567 τήν
264 3493 330 3552 add.
344 3496 440 3562 Ambr
456 3496 478 3564 Q
498 3514 552 3561 om.
567 3497 662 3553 Ambr.
677 3499 704 3552 A
779 3561 790 3565 Η
928 3536 932 3540 -
