<?xml version="1.0" encoding="UTF-8"?>
<!DOCTYPE html PUBLIC "-//W3C//DTD XHTML 1.0 Transitional//EN"
    "http://www.w3.org/TR/xhtml1/DTD/xhtml1-transitional.dtd">
<html xmlns="http://www.w3.org/1999/xhtml" xml:lang="en" lang="en">
 <head>
  <title>
</title>
<meta http-equiv="Content-Type" content="text/html;charset=utf-8" />
  <meta name='ocr-system' content='tesseract 3.04.00' />
  <meta name='ocr-capabilities' content='ocr_page ocr_carea ocr_par ocr_line ocrx_word'/>
</head>
<body>
  <div class='ocr_page' id='page_1' title='image "./dionysihalicarn06diongoog_0279.png"; bbox 0 0 2668 3922; ppageno 0'>
   <div class='ocr_carea' id='block_1_1' title="bbox 479 814 888 916">
    <p class='ocr_par' dir='ltr' id='par_1_1' title="bbox 479 814 888 916">
     <span class='ocr_line' id='line_1_1' title="bbox 479 814 888 916; baseline 0 -2"><span class='ocrx_word' id='word_1_1' title='bbox 479 814 888 916; x_wconf 80' lang='lat' dir='ltr'><strong>EXOERPTA</strong></span> 
     </span>
    </p>
   </div>
   <div class='ocr_carea' id='block_1_2' title="bbox 559 999 805 1222">
    <p class='ocr_par' dir='ltr' id='par_1_2' title="bbox 559 999 805 1222">
     <span class='ocr_line' id='line_1_2' title="bbox 658 999 708 1054; baseline 0 0"><span class='ocrx_word' id='word_1_2' title='bbox 658 999 708 1054; x_wconf 70' lang='lat' dir='ltr'><strong><em>Ex</em></strong></span> 
     </span>
     <span class='ocr_line' id='line_1_3' title="bbox 559 1147 805 1222; baseline 0.008 -2"><span class='ocrx_word' id='word_1_3' title='bbox 559 1148 701 1221; x_wconf 86' lang='lat' dir='ltr'>LIBRO</span> <span class='ocrx_word' id='word_1_4' title='bbox 728 1147 805 1222; x_wconf 84' lang='lat' dir='ltr'><strong><em>XV.</em></strong></span> 
     </span>
    </p>
   </div>
   <div class='ocr_carea' id='block_1_3' title="bbox 166 1497 1234 2982">
    <p class='ocr_par' dir='ltr' id='par_1_3' title="bbox 166 1497 1234 2982">
     <span class='ocr_line' id='line_1_4' title="bbox 241 1497 1193 1592; baseline 0.002 -26"><span class='ocrx_word' id='word_1_5' title='bbox 241 1497 266 1566; x_wconf 92' lang='grc' dir='ltr'><strong><em>Ι.</em></strong></span> <span class='ocrx_word' id='word_1_6' title='bbox 301 1507 375 1567; x_wconf 88' lang='grc' dir='ltr'><strong><em>Τῶν</em></strong></span> <span class='ocrx_word' id='word_1_7' title='bbox 405 1506 543 1568; x_wconf 88' lang='grc' dir='ltr'><strong><em>Κελτῶν</em></strong></span> <span class='ocrx_word' id='word_1_8' title='bbox 573 1499 901 1585; x_wconf 75' lang='grc' dir='ltr'><strong><em>ἐπιστρατευσάντων</em></strong></span> <span class='ocrx_word' id='word_1_9' title='bbox 930 1510 970 1590; x_wconf 66' lang='grc' dir='ltr'><strong><em>τῇ</em></strong></span> <span class='ocrx_word' id='word_1_10' title='bbox 999 1499 1102 1592; x_wconf 75' lang='grc' dir='ltr'><strong><em>Ῥώμῃ</em></strong></span> <span class='ocrx_word' id='word_1_11' title='bbox 1135 1503 1193 1568; x_wconf 89' lang='grc' dir='ltr'><strong><em>καί</em></strong></span> 
     </span>
     <span class='ocr_line' id='line_1_5' title="bbox 170 1607 1191 1695; baseline 0.002 -22"><span class='ocrx_word' id='word_1_12' title='bbox 170 1631 261 1686; x_wconf 89' lang='grc' dir='ltr'><strong><em>τινος</em></strong></span> <span class='ocrx_word' id='word_1_13' title='bbox 297 1607 457 1691; x_wconf 85' lang='grc' dir='ltr'><strong><em>βασιλέως</em></strong></span> <span class='ocrx_word' id='word_1_14' title='bbox 494 1610 542 1687; x_wconf 83' lang='grc' dir='ltr'><strong><em>είς</em></strong></span> <span class='ocrx_word' id='word_1_15' title='bbox 577 1609 783 1693; x_wconf 78' lang='grc' dir='ltr'><strong><em>μονομαχίαν</em></strong></span> <span class='ocrx_word' id='word_1_16' title='bbox 815 1607 1088 1695; x_wconf 74' lang='grc' dir='ltr'><strong><em>προκαλουμένου</em></strong></span> <span class='ocrx_word' id='word_1_17' title='bbox 1123 1619 1191 1675; x_wconf 91' lang='grc' dir='ltr'><strong><em>τῶν</em></strong></span> 
     </span>
     <span class='ocr_line' id='line_1_6' title="bbox 166 1707 1191 1803; baseline 0.001 -23"><span class='ocrx_word' id='word_1_18' title='bbox 166 1713 343 1799; x_wconf 79' lang='grc' dir='ltr'><strong><em>Ῥωμαίων,</em></strong></span> <span class='ocrx_word' id='word_1_19' title='bbox 366 1715 456 1792; x_wconf 84' lang='grc' dir='ltr'><strong><em>ὅστις</em></strong></span> <span class='ocrx_word' id='word_1_20' title='bbox 478 1715 529 1800; x_wconf 83' lang='grc' dir='ltr'><strong><em>είη</em></strong></span> <span class='ocrx_word' id='word_1_21' title='bbox 553 1712 655 1802; x_wconf 74' lang='grc' dir='ltr'><strong><em>ἀνήρ,</em></strong></span> <span class='ocrx_word' id='word_1_22' title='bbox 677 1715 818 1802; x_wconf 90' lang='grc' dir='ltr'><strong><em>Μάρκος</em></strong></span> <span class='ocrx_word' id='word_1_23' title='bbox 838 1715 1034 1803; x_wconf 76' lang='grc' dir='ltr'><strong><em>Οὐαλέριος,</em></strong></span> <span class='ocrx_word' id='word_1_24' title='bbox 1057 1707 1105 1794; x_wconf 79' lang='grc' dir='ltr'><strong><em>είς</em></strong></span> <span class='ocrx_word' id='word_1_25' title='bbox 1122 1726 1191 1782; x_wconf 87' lang='grc' dir='ltr'><strong><em>τῶν</em></strong></span> 
     </span>
     <span class='ocr_line' id='line_1_7' title="bbox 169 1819 1189 1910; baseline 0.002 -22"><span class='ocrx_word' id='word_1_26' title='bbox 169 1821 360 1908; x_wconf 88' lang='grc' dir='ltr'><strong><em>χιλιάρχων,</em></strong></span> <span class='ocrx_word' id='word_1_27' title='bbox 397 1819 564 1906; x_wconf 87' lang='grc' dir='ltr'><strong><em>ιἰπόγονος</em></strong></span> <span class='ocrx_word' id='word_1_28' title='bbox 596 1823 644 1888; x_wconf 77' lang='grc' dir='ltr'><strong><em>ὢν</em></strong></span> <span class='ocrx_word' id='word_1_29' title='bbox 679 1823 866 1910; x_wconf 81' lang='grc' dir='ltr'><strong><em>Οὐαλερίου</em></strong></span> <span class='ocrx_word' id='word_1_30' title='bbox 898 1825 1094 1890; x_wconf 78' lang='grc' dir='ltr'><strong><em>Ποπλικόλα</em></strong></span> <span class='ocrx_word' id='word_1_31' title='bbox 1129 1832 1189 1890; x_wconf 83' lang='grc' dir='ltr'><strong><em>τοῦ</em></strong></span> 
     </span>
     <span class='ocr_line' id='line_1_8' title="bbox 170 1928 1234 2015; baseline 0.003 -21"><span class='ocrx_word' id='word_1_32' title='bbox 170 1930 525 2015; x_wconf 79' lang='grc' dir='ltr'><strong><em>συνελευθερώσαντος</em></strong></span> <span class='ocrx_word' id='word_1_33' title='bbox 567 1929 632 1996; x_wconf 82' lang='grc' dir='ltr'><strong><em>ἀπὸ</em></strong></span> <span class='ocrx_word' id='word_1_34' title='bbox 673 1941 740 1996; x_wconf 91' lang='grc' dir='ltr'><strong><em>τῶν</em></strong></span> <span class='ocrx_word' id='word_1_35' title='bbox 777 1928 942 2014; x_wconf 87' lang='grc' dir='ltr'><strong><em>βασιλέων</em></strong></span> <span class='ocrx_word' id='word_1_36' title='bbox 978 1932 1039 2015; x_wconf 75' lang='grc' dir='ltr'><strong><em>τὴν</em></strong></span> <span class='ocrx_word' id='word_1_37' title='bbox 1080 1932 1190 2015; x_wconf 88' lang='grc' dir='ltr'><strong><em>πόλιν,</em></strong></span> <span class='ocrx_word' id='word_1_38' title='bbox 1221 1947 1234 1988; x_wconf 79' lang='lat'><strong>⁶</strong></span> 
     </span>
     <span class='ocr_line' id='line_1_9' title="bbox 169 2033 1229 2128; baseline -0.005 -25"><span class='ocrx_word' id='word_1_39' title='bbox 169 2035 256 2128; x_wconf 76' lang='grc' dir='ltr'><strong><em>ἐξῄει</em></strong></span> <span class='ocrx_word' id='word_1_40' title='bbox 273 2048 318 2123; x_wconf 82' lang='grc' dir='ltr'><strong><em>τῶ</em></strong></span> <span class='ocrx_word' id='word_1_41' title='bbox 337 2041 453 2123; x_wconf 77' lang='grc' dir='ltr'><strong><em>Κελτῷ</em></strong></span> <span class='ocrx_word' id='word_1_42' title='bbox 472 2038 747 2121; x_wconf 76' lang='grc' dir='ltr'><strong><em>διαγωνίσασθαι.</em></strong></span> <span class='ocrx_word' id='word_1_43' title='bbox 773 2037 818 2114; x_wconf 79' lang='grc' dir='ltr'><strong><em>ὡς</em></strong></span> <span class='ocrx_word' id='word_1_44' title='bbox 836 2036 874 2102; x_wconf 78' lang='grc' dir='ltr'><strong><em>δέ</em></strong></span> <span class='ocrx_word' id='word_1_45' title='bbox 892 2033 1061 2126; x_wconf 71' lang='grc' dir='ltr'><strong><em>συνῄεσαν</em></strong></span> <span class='ocrx_word' id='word_1_46' title='bbox 1079 2036 1190 2122; x_wconf 89' lang='grc' dir='ltr'><strong><em>ὁμόσε,</em></strong></span> <span class='ocrx_word' id='word_1_47' title='bbox 1208 2034 1229 2098; x_wconf 82' lang='lat'><em>2</em></span> 
     </span>
     <span class='ocr_line' id='line_1_10' title="bbox 169 2140 1190 2230; baseline -0.001 -21"><span class='ocrx_word' id='word_1_48' title='bbox 169 2143 269 2230; x_wconf 82' lang='grc' dir='ltr'><strong><em>κόραξ</em></strong></span> <span class='ocrx_word' id='word_1_49' title='bbox 297 2145 518 2226; x_wconf 77' lang='grc' dir='ltr'><strong><em>καθεζόμενος</em></strong></span> <span class='ocrx_word' id='word_1_50' title='bbox 544 2141 600 2209; x_wconf 81' lang='grc' dir='ltr'><strong><em>ἐπί</em></strong></span> <span class='ocrx_word' id='word_1_51' title='bbox 626 2152 686 2209; x_wconf 85' lang='grc' dir='ltr'><strong><em>τοῦ</em></strong></span> <span class='ocrx_word' id='word_1_52' title='bbox 713 2143 859 2228; x_wconf 78' lang='grc' dir='ltr'><strong><em>κράνους</em></strong></span> <span class='ocrx_word' id='word_1_53' title='bbox 889 2142 992 2208; x_wconf 84' lang='grc' dir='ltr'><strong><em>αὐτοῦ</em></strong></span> <span class='ocrx_word' id='word_1_54' title='bbox 1022 2140 1190 2228; x_wconf 73' lang='grc' dir='ltr'><strong><em>ἐκεκράγει</em></strong></span> 
     </span>
     <span class='ocr_line' id='line_1_11' title="bbox 169 2248 1190 2336; baseline -0.001 -19"><span class='ocrx_word' id='word_1_55' title='bbox 169 2275 204 2317; x_wconf 90' lang='grc' dir='ltr'><strong><em>τε</em></strong></span> <span class='ocrx_word' id='word_1_56' title='bbox 232 2251 346 2316; x_wconf 75' lang='grc' dir='ltr'><strong><em>δεινὸν</em></strong></span> <span class='ocrx_word' id='word_1_57' title='bbox 373 2251 421 2327; x_wconf 84' lang='grc' dir='ltr'><strong><em>είς</em></strong></span> <span class='ocrx_word' id='word_1_58' title='bbox 447 2251 507 2316; x_wconf 88' lang='grc' dir='ltr'><strong><em>τὸν</em></strong></span> <span class='ocrx_word' id='word_1_59' title='bbox 534 2250 707 2335; x_wconf 89' lang='grc' dir='ltr'><strong><em>βάρβαρον</em></strong></span> <span class='ocrx_word' id='word_1_60' title='bbox 734 2248 824 2336; x_wconf 89' lang='grc' dir='ltr'><strong><em>ὁρῶν</em></strong></span> <span class='ocrx_word' id='word_1_61' title='bbox 850 2251 921 2333; x_wconf 90' lang='grc' dir='ltr'><strong><em>καί,</em></strong></span> <span class='ocrx_word' id='word_1_62' title='bbox 951 2248 1050 2314; x_wconf 84' lang='grc' dir='ltr'><strong><em>ὁπότε</em></strong></span> <span class='ocrx_word' id='word_1_63' title='bbox 1076 2248 1190 2332; x_wconf 78' lang='grc' dir='ltr'><strong><em>μέλλοι</em></strong></span> 
     </span>
     <span class='ocr_line' id='line_1_12' title="bbox 168 2354 1190 2443; baseline 0.001 -20"><span class='ocrx_word' id='word_1_64' title='bbox 168 2359 299 2442; x_wconf 82' lang='grc' dir='ltr'><strong><em>πληγὴν</em></strong></span> <span class='ocrx_word' id='word_1_65' title='bbox 335 2355 500 2443; x_wconf 82' lang='grc' dir='ltr'><strong><em>ἐκφέρειν,</em></strong></span> <span class='ocrx_word' id='word_1_66' title='bbox 540 2357 657 2441; x_wconf 78' lang='grc' dir='ltr'><strong><em>πηδῶν</em></strong></span> <span class='ocrx_word' id='word_1_67' title='bbox 693 2354 743 2422; x_wconf 89' lang='grc' dir='ltr'><strong><em>ἐπ’</em></strong></span> <span class='ocrx_word' id='word_1_68' title='bbox 775 2355 878 2422; x_wconf 86' lang='grc' dir='ltr'><strong><em>αὐτὸν</em></strong></span> <span class='ocrx_word' id='word_1_69' title='bbox 914 2355 988 2422; x_wconf 87' lang='grc' dir='ltr'><strong><em>τοτέ</em></strong></span> <span class='ocrx_word' id='word_1_70' title='bbox 1022 2355 1085 2439; x_wconf 77' lang='grc' dir='ltr'><strong><em>μὲν</em></strong></span> <span class='ocrx_word' id='word_1_71' title='bbox 1120 2367 1190 2436; x_wconf 88' lang='grc' dir='ltr'><strong><em>τοίς</em></strong></span> 
     </span>
     <span class='ocr_line' id='line_1_13' title="bbox 168 2462 1234 2551; baseline 0.001 -21"><span class='ocrx_word' id='word_1_72' title='bbox 168 2462 286 2542; x_wconf 81' lang='grc' dir='ltr'><strong><em>όνυξιν</em></strong></span> <span class='ocrx_word' id='word_1_73' title='bbox 313 2465 436 2548; x_wconf 80' lang='grc' dir='ltr'><strong><em>ἤμυττε</em></strong></span> <span class='ocrx_word' id='word_1_74' title='bbox 465 2465 523 2541; x_wconf 78' lang='grc' dir='ltr'><strong><em>τὰς</em></strong></span> <span class='ocrx_word' id='word_1_75' title='bbox 550 2463 701 2550; x_wconf 88' lang='grc' dir='ltr'><strong><em>παρειάς,</em></strong></span> <span class='ocrx_word' id='word_1_76' title='bbox 730 2462 804 2529; x_wconf 83' lang='grc' dir='ltr'><strong><em>τοτέ</em></strong></span> <span class='ocrx_word' id='word_1_77' title='bbox 831 2462 869 2528; x_wconf 76' lang='grc' dir='ltr'><strong><em>δὲ</em></strong></span> <span class='ocrx_word' id='word_1_78' title='bbox 896 2472 941 2551; x_wconf 79' lang='grc' dir='ltr'><strong><em>τῷ</em></strong></span> <span class='ocrx_word' id='word_1_79' title='bbox 970 2463 1084 2550; x_wconf 79' lang='grc' dir='ltr'><strong><em>ῥύγχει</em></strong></span> <span class='ocrx_word' id='word_1_80' title='bbox 1111 2467 1189 2543; x_wconf 84' lang='grc' dir='ltr'><strong><em>τοὺς</em></strong></span> <span class='ocrx_word' id='word_1_81' title='bbox 1207 2482 1234 2522; x_wconf 85' lang='lat'><strong><em>1⁰</em></strong></span> 
     </span>
     <span class='ocr_line' id='line_1_14' title="bbox 169 2566 1189 2657; baseline 0.001 -20"><span class='ocrx_word' id='word_1_82' title='bbox 169 2572 368 2657; x_wconf 78' lang='grc' dir='ltr'><strong><em>ὀφθαλμοὺς</em></strong></span> <span class='ocrx_word' id='word_1_83' title='bbox 397 2567 546 2654; x_wconf 76' lang='grc' dir='ltr'><strong><em>ἔκοπτεν,</em></strong></span> <span class='ocrx_word' id='word_1_84' title='bbox 578 2571 661 2636; x_wconf 80' lang='grc' dir='ltr'><strong><em>ὥστε</em></strong></span> <span class='ocrx_word' id='word_1_85' title='bbox 690 2571 750 2636; x_wconf 88' lang='grc' dir='ltr'><strong><em>τὸν</em></strong></span> <span class='ocrx_word' id='word_1_86' title='bbox 779 2570 909 2636; x_wconf 88' lang='grc' dir='ltr'><strong><em>Κελτὸν</em></strong></span> <span class='ocrx_word' id='word_1_87' title='bbox 939 2566 999 2648; x_wconf 82' lang='grc' dir='ltr'><strong><em>ἐξω</em></strong></span> <span class='ocrx_word' id='word_1_88' title='bbox 1030 2570 1189 2656; x_wconf 75' lang='grc' dir='ltr'><strong><em>γενέσθαι</em></strong></span> 
     </span>
     <span class='ocr_line' id='line_1_15' title="bbox 168 2673 1189 2764; baseline 0.003 -22"><span class='ocrx_word' id='word_1_89' title='bbox 168 2689 237 2744; x_wconf 86' lang='grc' dir='ltr'><strong><em>τῶν</em></strong></span> <span class='ocrx_word' id='word_1_90' title='bbox 266 2688 412 2764; x_wconf 85' lang='grc' dir='ltr'><strong><em>φρενῶν,</em></strong></span> <span class='ocrx_word' id='word_1_91' title='bbox 442 2674 521 2742; x_wconf 73' lang='grc' dir='ltr'><strong><em>οὔθ’</em></strong></span> <span class='ocrx_word' id='word_1_92' title='bbox 546 2674 636 2755; x_wconf 82' lang='grc' dir='ltr'><strong><em>ὅπως</em></strong></span> <span class='ocrx_word' id='word_1_93' title='bbox 664 2679 725 2744; x_wconf 90' lang='grc' dir='ltr'><strong><em>τὸν</em></strong></span> <span class='ocrx_word' id='word_1_94' title='bbox 753 2677 861 2762; x_wconf 76' lang='grc' dir='ltr'><strong><em>ἄνδρα</em></strong></span> <span class='ocrx_word' id='word_1_95' title='bbox 894 2673 1054 2759; x_wconf 80' lang='grc' dir='ltr'><strong><em>ἀμύνοιτο</em></strong></span> <span class='ocrx_word' id='word_1_96' title='bbox 1087 2679 1189 2745; x_wconf 84' lang='grc' dir='ltr'><strong><em>όυνά-</em></strong></span> 
     </span>
     <span class='ocr_line' id='line_1_16' title="bbox 169 2781 1187 2870; baseline 0.001 -20"><span class='ocrx_word' id='word_1_97' title='bbox 169 2807 272 2865; x_wconf 89' lang='grc' dir='ltr'><strong><em>μενον</em></strong></span> <span class='ocrx_word' id='word_1_98' title='bbox 294 2788 488 2868; x_wconf 79' lang='grc' dir='ltr'><strong><em>συμβαλεῖν,</em></strong></span> <span class='ocrx_word' id='word_1_99' title='bbox 517 2781 595 2851; x_wconf 61' lang='lat' dir='ltr'><strong><em>ow</em></strong></span> <span class='ocrx_word' id='word_1_100' title='bbox 618 2782 707 2863; x_wconf 83' lang='grc' dir='ltr'><strong><em>ὅπως</em></strong></span> <span class='ocrx_word' id='word_1_101' title='bbox 738 2785 798 2851; x_wconf 89' lang='grc' dir='ltr'><strong><em>τὸν</em></strong></span> <span class='ocrx_word' id='word_1_102' title='bbox 826 2785 952 2869; x_wconf 91' lang='grc' dir='ltr'><strong><em>κόρακα</em></strong></span> <span class='ocrx_word' id='word_1_103' title='bbox 980 2785 1187 2870; x_wconf 84' lang='grc' dir='ltr'><strong><em>φυλάττοιτο.</em></strong></span> 
     </span>
     <span class='ocr_line' id='line_1_17' title="bbox 169 2887 1227 2982; baseline -0.002 -27"><span class='ocrx_word' id='word_1_104' title='bbox 169 2887 219 2977; x_wconf 80' lang='grc'><strong><em>(2)</em></strong></span> <span class='ocrx_word' id='word_1_105' title='bbox 247 2889 302 2970; x_wconf 79' lang='grc' dir='ltr'><strong><em>Ὡς</em></strong></span> <span class='ocrx_word' id='word_1_106' title='bbox 335 2890 373 2956; x_wconf 76' lang='grc' dir='ltr'><strong><em>δέ</em></strong></span> <span class='ocrx_word' id='word_1_107' title='bbox 403 2893 509 2967; x_wconf 81' lang='grc' dir='ltr'><strong><em>πολὺς</em></strong></span> <span class='ocrx_word' id='word_1_108' title='bbox 541 2889 688 2976; x_wconf 86' lang='grc' dir='ltr'><strong><em>ἐγεγόνει</em></strong></span> <span class='ocrx_word' id='word_1_109' title='bbox 719 2901 759 2978; x_wconf 77' lang='grc' dir='ltr'><strong><em>τῇ</em></strong></span> <span class='ocrx_word' id='word_1_110' title='bbox 791 2891 877 2982; x_wconf 73' lang='grc' dir='ltr'><strong><em>μάχῃ</em></strong></span> <span class='ocrx_word' id='word_1_111' title='bbox 908 2892 1043 2977; x_wconf 84' lang='grc' dir='ltr'><strong><em>χρόνος,</em></strong></span> <span class='ocrx_word' id='word_1_112' title='bbox 1077 2889 1095 2956; x_wconf 87' lang='grc' dir='ltr'><strong><em>ό</em></strong></span> <span class='ocrx_word' id='word_1_113' title='bbox 1126 2887 1227 2974; x_wconf 83' lang='grc' dir='ltr'><strong><em>μέν3</em></strong></span> 
     </span>
    </p>
   </div>
   <div class='ocr_carea' id='block_1_4' title="bbox 169 2991 1328 3084">
    <p class='ocr_par' dir='ltr' id='par_1_4' title="bbox 169 2991 1328 3084">
     <span class='ocr_line' id='line_1_18' title="bbox 169 2991 1328 3084; baseline 0.001 -22"><span class='ocrx_word' id='word_1_114' title='bbox 169 2997 295 3075; x_wconf 88' lang='grc' dir='ltr'><strong><em>Κελτὸς</em></strong></span> <span class='ocrx_word' id='word_1_115' title='bbox 328 2996 441 3082; x_wconf 84' lang='grc' dir='ltr'><strong><em>φέρων</em></strong></span> <span class='ocrx_word' id='word_1_116' title='bbox 472 2996 527 3063; x_wconf 86' lang='grc' dir='ltr'><strong><em>ἐπί</em></strong></span> <span class='ocrx_word' id='word_1_117' title='bbox 558 3000 617 3064; x_wconf 88' lang='grc' dir='ltr'><strong><em>τὸν</em></strong></span> <span class='ocrx_word' id='word_1_118' title='bbox 648 2997 833 3084; x_wconf 82' lang='grc' dir='ltr'><strong><em>Οὐαλέριον</em></strong></span> <span class='ocrx_word' id='word_1_119' title='bbox 861 2999 923 3082; x_wconf 78' lang='grc' dir='ltr'><strong><em>τὴν</em></strong></span> <span class='ocrx_word' id='word_1_120' title='bbox 952 2997 1117 3083; x_wconf 90' lang='grc' dir='ltr'><strong><em>μάχαιραν</em></strong></span> <span class='ocrx_word' id='word_1_121' title='bbox 1144 2999 1188 3076; x_wconf 82' lang='grc' dir='ltr'><strong><em>ὡς</em></strong></span> <span class='ocrx_word' id='word_1_122' title='bbox 1207 3015 1231 3056; x_wconf 78' lang='lat'><strong><em>1⁵</em></strong></span> <span class='ocrx_word' id='word_1_123' title='bbox 1327 2991 1328 3008; x_wconf 51' lang='lat'>¹</span> 
     </span>
    </p>
   </div>
   <div class='ocr_carea' id='block_1_5' title="bbox 168 3102 1183 3192">
    <p class='ocr_par' dir='ltr' id='par_1_5' title="bbox 168 3102 1183 3192">
     <span class='ocr_line' id='line_1_19' title="bbox 168 3102 1183 3192; baseline 0.004 -24"><span class='ocrx_word' id='word_1_124' title='bbox 168 3103 224 3168; x_wconf 76' lang='grc' dir='ltr'><strong><em>διὰ</em></strong></span> <span class='ocrx_word' id='word_1_125' title='bbox 264 3114 322 3189; x_wconf 70' lang='grc' dir='ltr'><strong><em>τῆς</em></strong></span> <span class='ocrx_word' id='word_1_126' title='bbox 362 3107 530 3189; x_wconf 79' lang='grc' dir='ltr'><strong><em>προβολῆς</em></strong></span> <span class='ocrx_word' id='word_1_127' title='bbox 570 3106 617 3183; x_wconf 87' lang='grc' dir='ltr'><strong><em>είς</em></strong></span> <span class='ocrx_word' id='word_1_128' title='bbox 657 3107 698 3171; x_wconf 83' lang='grc' dir='ltr'><strong><em>τὰ</em></strong></span> <span class='ocrx_word' id='word_1_129' title='bbox 737 3106 865 3192; x_wconf 84' lang='grc' dir='ltr'><strong><em>πλευρὰ</em></strong></span> <span class='ocrx_word' id='word_1_130' title='bbox 909 3104 1039 3188; x_wconf 77' lang='grc' dir='ltr'><strong><em>βάψων,</em></strong></span> <span class='ocrx_word' id='word_1_131' title='bbox 1085 3102 1183 3172; x_wconf 78' lang='grc' dir='ltr'><strong><em>ἔπειτ’</em></strong></span> 
     </span>
    </p>
   </div>
   <div class='ocr_carea' id='block_1_6' title="bbox 167 3257 1186 3540">
    <p class='ocr_par' dir='ltr' id='par_1_6' title="bbox 167 3257 1186 3540">
     <span class='ocr_line' id='line_1_20' title="bbox 241 3257 1186 3332; baseline 0.004 -17"><span class='ocrx_word' id='word_1_132' title='bbox 241 3265 256 3315; x_wconf 76' lang='grc'><strong>7</strong></span> <span class='ocrx_word' id='word_1_133' title='bbox 283 3257 414 3332; x_wconf 81' lang='grc' dir='ltr'><strong><em>ἐκέκραγε</em></strong></span> <span class='ocrx_word' id='word_1_134' title='bbox 438 3261 534 3318; x_wconf 84' lang='lat' dir='ltr'><strong>Ambr.</strong></span> <span class='ocrx_word' id='word_1_135' title='bbox 554 3279 622 3318; x_wconf 84' lang='lat' dir='ltr'>corr.</span> <span class='ocrx_word' id='word_1_136' title='bbox 643 3262 741 3318; x_wconf 78' lang='lat' dir='ltr'>Struve</span> <span class='ocrx_word' id='word_1_137' title='bbox 818 3267 834 3316; x_wconf 82' lang='grc'>9</span> <span class='ocrx_word' id='word_1_138' title='bbox 860 3259 973 3330; x_wconf 83' lang='grc' dir='ltr'><strong><em>ἐκφέρει</em></strong></span> <span class='ocrx_word' id='word_1_139' title='bbox 994 3261 1091 3318; x_wconf 83' lang='lat' dir='ltr'>Ambr.</span> <span class='ocrx_word' id='word_1_140' title='bbox 1117 3281 1186 3320; x_wconf 85' lang='lat' dir='ltr'>corr.</span> 
     </span>
     <span class='ocr_line' id='line_1_21' title="bbox 167 3330 1186 3405; baseline 0.004 -18"><span class='ocrx_word' id='word_1_141' title='bbox 167 3333 260 3388; x_wconf 72' lang='lat' dir='ltr'>Maius</span> <span class='ocrx_word' id='word_1_142' title='bbox 342 3340 374 3387; x_wconf 92' lang='lat'><strong><em>11</em></strong></span> <span class='ocrx_word' id='word_1_143' title='bbox 405 3330 537 3403; x_wconf 73' lang='grc' dir='ltr'><strong><em>γίνεσθαι</em></strong></span> <span class='ocrx_word' id='word_1_144' title='bbox 567 3333 663 3390; x_wconf 79' lang='lat' dir='ltr'>Ambr.</span> <span class='ocrx_word' id='word_1_145' title='bbox 747 3341 780 3390; x_wconf 80' lang='lat'><strong><em>16</em></strong></span> <span class='ocrx_word' id='word_1_146' title='bbox 806 3335 962 3405; x_wconf 75' lang='grc' dir='ltr'><strong><em>προσβολῆς</em></strong></span> <span class='ocrx_word' id='word_1_147' title='bbox 993 3333 1089 3390; x_wconf 85' lang='lat' dir='ltr'><strong>Ambr.</strong></span> <span class='ocrx_word' id='word_1_148' title='bbox 1117 3351 1186 3390; x_wconf 81' lang='lat' dir='ltr'>corr.</span> 
     </span>
     <span class='ocr_line' id='line_1_22' title="bbox 167 3403 1186 3540; baseline 0.001 -80"><span class='ocrx_word' id='word_1_149' title='bbox 167 3403 456 3540; x_wconf 50' lang='grc' dir='ltr'><strong><em>ἕέοῗὲίειχχσλωβάψας</em></strong></span> <span class='ocrx_word' id='word_1_150' title='bbox 472 3405 567 3461; x_wconf 83' lang='lat' dir='ltr'>Ambr.</span> <span class='ocrx_word' id='word_1_151' title='bbox 587 3405 690 3478; x_wconf 82' lang='grc' dir='ltr'><strong><em>βάψαι</em></strong></span> <span class='ocrx_word' id='word_1_152' title='bbox 709 3406 781 3462; x_wconf 75' lang='lat' dir='ltr'><strong>Smit</strong></span> <span class='ocrx_word' id='word_1_153' title='bbox 799 3405 864 3461; x_wconf 82' lang='lat' dir='ltr'><strong>obs.</strong></span> <span class='ocrx_word' id='word_1_154' title='bbox 883 3423 911 3475; x_wconf 86' lang='lat' dir='ltr'><strong><em>p.</em></strong></span> <span class='ocrx_word' id='word_1_155' title='bbox 927 3409 961 3460; x_wconf 86' lang='grc'><strong><em>60</em></strong></span> <span class='ocrx_word' id='word_1_156' title='bbox 980 3405 1015 3460; x_wconf 85' lang='lat' dir='ltr'><strong><em>cf.</em></strong></span> <span class='ocrx_word' id='word_1_157' title='bbox 1030 3423 1057 3476; x_wconf 86' lang='lat' dir='ltr'><strong><em>p.</em></strong></span> <span class='ocrx_word' id='word_1_158' title='bbox 1069 3411 1121 3461; x_wconf 77' lang='lat'><strong><em>260</em></strong></span> <span class='ocrx_word' id='word_1_159' title='bbox 1134 3415 1186 3462; x_wconf 64' lang='grc' dir='ltr'><strong><em>τε</em></strong></span> 
     </span>
    </p>
   </div>
   <div class='ocr_carea' id='block_1_7' title="bbox 972 3585 1025 3640">
    <p class='ocr_par' dir='ltr' id='par_1_7' title="bbox 972 3585 1025 3640">
     <span class='ocr_line' id='line_1_23' title="bbox 972 3585 1025 3640; baseline -0.019 0"><span class='ocrx_word' id='word_1_160' title='bbox 972 3585 1025 3640; x_wconf 76' lang='lat'><strong><em>17⁸</em></strong></span> 
     </span>
    </p>
   </div>
   <div class='ocr_carea' id='block_1_8' title="bbox 0 0 1338 3922">
    <p class='ocr_par' dir='ltr' id='par_1_8' title="bbox 0 0 1338 3922">
     <span class='ocr_line' id='line_1_24' title="bbox 0 0 1338 3922; baseline 0 1"><span class='ocrx_word' id='word_1_161' title='bbox 0 0 1338 3922; x_wconf 95' lang='lat' dir='ltr'><strong><em> </em></strong></span> 
     </span>
    </p>
   </div>
   <div class='ocr_carea' id='block_1_9' title="bbox 1247 3787 1327 3894">
    <p class='ocr_par' dir='ltr' id='par_1_9' title="bbox 1247 3787 1327 3894">
     <span class='ocr_line' id='line_1_25' title="bbox 1247 3787 1327 3894; baseline 0 0"><span class='ocrx_word' id='word_1_162' title='bbox 1247 3787 1327 3894; x_wconf 62' lang='lat' dir='ltr'>A</span> 
     </span>
    </p>
   </div>
  </div>
 </body>
</html>
