2656 3932
575 247 609 258 ··
647 222 687 274 ῙΑ
724 249 757 259 -
1112 223 1175 290 133

157 347 293 430 ποίησαι
334 344 372 410 δέ
412 344 540 410 τούτων
581 346 829 431 παραδείγματα
869 349 948 425 τοὺς
988 343 1176 434 προγόνους

157 451 378 537 ἐνθυμηθείς,
408 449 459 518 ὅτι
488 461 557 518 τῶν
587 453 722 539 ἀνδρῶν
747 453 886 520 ἐκείνων
913 455 1025 532 οὐδεὶς
1053 452 1174 522 ἐπεθίν

156 576 261 644 μησεν
279 557 431 637 ἐξουσίας
453 561 650 644 δεσποτικαῖς
673 558 753 626 οὐδὲ
770 569 842 638 ταῖς
861 558 1099 640 ἐπονειδίστοις
1116 551 1186 628 τοῦ

100 659 102 662 ’
155 667 306 750 σώματος
341 663 541 734 ἐδούλευσεν
578 667 724 752 ἡδοναῖς.
782 667 950 754 τοιγάρτοι
985 669 1041 735 καί
1077 673 1176 750 ζῶσιν

156 773 269 852 αὐτοῖς
304 773 432 861 ὑπῆρχε
463 780 625 858 τιμᾶσθαι
655 774 711 840 καί
742 777 977 860 τελευτήσασιν
1010 774 1077 842 ὑπὸ
1109 787 1176 843 τῶν
1208 797 1220 838 ι

155 879 396 965 ἐπιγινομένων
423 879 643 948 ἐπαινεῖσθαι.
688 891 902 968 μαρτυρεῖται
927 883 990 969 γάρ
1013 905 1065 949 τοι
1087 885 1216 969 παρά4

51 1039 58 1052 ε
154 988 290 1054 πάντων
317 990 444 1072 αὐτοῖς,
472 988 524 1054 ὅτι
551 994 609 1073 τῆς
632 987 899 1074 ἀριστοκρατίας,
924 990 968 1074 ἣν
991 987 1176 1073 ἐκβαλοῦσα

154 1098 233 1172 τοὺς
256 1099 404 1178 βασιλεῖς
424 1096 519 1180 ήμῶν
540 1096 561 1180 η
585 1091 682 1172 πόλις
703 1099 939 1182 κατεστήσατο,
968 1097 1176 1181 βεβαιότατοι

72 1217 144 1268 2188
155 1202 302 1287 φύλακες
333 1201 498 1288 ἐγένοντο.
543 1203 606 1269 καί
629 1201 734 1286 μηδὲν
762 1213 831 1268 τῶν
860 1212 1002 1269 σεαυτοῦ
1030 1207 1174 1290 λαμπρο-

153 1309 261 1375 τάτων
298 1306 408 1394 λόγων
439 1333 475 1376 τε
510 1309 566 1376 καί
599 1307 750 1396 πράξεων
786 1307 1024 1376 ἐπιλανθάνου.
1078 1311 1176 1377 καλαί
1194 1333 1220 1372 ιο

153 1417 217 1501 γάρ
250 1417 285 1481 αλ
316 1419 446 1502 πρῶταί
474 1434 536 1484 σου
564 1427 632 1484 τῶν
659 1421 838 1484 πολιτικῶν
864 1413 974 1502 ’έργων
996 1415 1176 1495 ὑποδέσεις

154 1521 309 1606 ἐγένοντο
332 1523 388 1588 καί
410 1524 553 1608 μεγάλας
575 1522 768 1609 ἐπέθρεψαν
788 1524 870 1608 ἡμῖν
888 1525 1006 1611 άρετής
1029 1522 1174 1609 ἐλπίδας,

155 1621 207 1706 αίς
243 1626 439 1708 ἀκολούθως
475 1631 530 1696 καί
565 1631 606 1696 τά
643 1632 742 1696 λοιπὰ
777 1631 935 1718 πράττειν
971 1631 1003 1697 σ’
1033 1632 1176 1710 άπαντες

154 1733 319 1818 ἀξιοῦμεν.
366 1737 531 1823 ἀναχωρεῖ
553 1737 595 1823 δή
618 1737 719 1803 πάλιν
742 1738 790 1815 είς
811 1740 874 1824 τήν
892 1747 1035 1805 σεαυτοῦ
1059 1739 1213 1824 φύσιν,5

145 1839 266 1908 ’Ἀππιε
292 1840 421 1929 τέκνον,
447 1843 503 1911 καί
530 1847 628 1929 γίνου
656 1853 697 1931 τή
720 1843 911 1932 προαιρέσει
932 1856 1000 1912 τῶν
1023 1851 1174 1912 πολιτευ-
1193 1865 1218 1907 ιι

152 1949 265 2032 μάτων
292 1953 335 2036 μή
363 1949 576 2038 τυραννικός,
605 1951 679 2018 ἀλλ’
696 1950 966 2038 ἀριστοκρατικὸς
991 1953 1047 2018 καί
1070 1961 1174 2038 φεῦγε

152 2060 231 2135 τοὺς
258 2059 341 2143 πρὸς
376 2057 504 2144 ἡδονήν
536 2057 748 2142 ὁμιλοῦντας,
789 2057 835 2123 δι’
866 2058 925 2135 οὓς
949 2057 1072 2143 ’ἐξέβης
1107 2071 1175 2125 τῶν

152 2175 304 2249 χρηστῶν
326 2163 595 2250 ἐπιτηδευμάτων
624 2165 679 2230 καί
702 2164 962 2250 παρεπλάγχθης
986 2172 1044 2250 τῆς
1067 2165 1174 2252 ὀρθῆς

153 2270 243 2336 ὁδοῦ.
289 2270 330 2336 οῦ
360 2273 425 2356 γάρ
453 2269 522 2354 ἐ’χει
553 2268 666 2356 λόγον,
695 2268 757 2356 ὑφ’
774 2263 822 2336 ὧν
845 2270 888 2336 άν
908 2269 1047 2356 γένηταί
1067 2295 1117 2350 τις
1140 2271 1173 2351 ἐξ

153 2379 285 2463 άγαθοῦ
312 2375 428 2462 κακός,
457 2376 524 2444 ὑπὸ
551 2378 682 2443 τούτων
708 2377 810 2443 πάλιν
838 2376 941 2444 αὐτὸν
964 2377 1000 2444 ἐκ
1023 2388 1172 2465 πονηροῦ
1191 2400 1218 2440 2⁰

151 2484 311 2570 γενέσθαι
334 2485 485 2570 χρηστόν.

70 2609 141 2659 2189
223 2591 325 2658 XIIII.
355 2592 465 2658 Ταῦτά
493 2607 547 2658 σοι
574 2591 733 2670 πολλάκις
759 2589 953 2676 ἐβουλήθην
980 2591 1173 2660 ὑποθέσθαι
1264 2676 1266 2680 ⁴

151 2703 242 2788 μόνῳ
265 2702 368 2784 μόνος
391 2700 438 2776 είς
461 2701 583 2784 λόγους
604 2701 872 2787 παραγενόμενος
894 2699 950 2766 καί
976 2702 1016 2766 τά
1043 2700 1104 2784 μέν
1129 2702 1173 2780 ὡς

151 2807 340 2892 άγνοοῦντα
359 2803 504 2891 διδάξαι,
527 2807 567 2872 τά
590 2803 684 2885 δ’ὡς
707 2805 938 2892 ἁμαρτάνοντα
955 2813 1171 2894 νουθετῆσαι·

224 2952 240 3000 3
255 2947 339 3002 οὐδὲν
353 2947 401 3002 LV
415 2945 478 3002 οὐδ’
491 2946 521 3001 ἐν
535 2946 565 2999 Μ
603 2953 618 3002 6
633 2945 834 3018 ἐπιγινομένων
840 2945 897 3002 VM
911 2944 1113 3018 ἐπιγενομένων
1127 2949 1149 3001 L
1165 2947 1169 3020 1

152 3014 183 3088 γό
201 3037 245 3072 τοι
261 3018 284 3070 L
303 3017 357 3088 γάρ
375 3018 458 3073 sosV
477 3017 530 3088 γὰρ
545 3018 575 3072 Μ
593 3019 628 3074 cf.
643 3019 767 3074 Reudler
781 3019 870 3073 Tiroc.
889 3037 917 3088 p.
933 3025 949 3072 λ
1011 3023 1027 3072 9
1046 3018 1133 3088 μηδὲν
1148 3019 1170 3074 Ο

153 3123 221 3192 μηδὲ
246 3123 368 3195 Sylburg
445 3130 478 3179 12
497 3122 694 3195 *ὑπέστρεψαν
713 3125 736 3180 Ο
758 3089 932 3196 όπιότριψαν
950 3125 980 3178 Μ
1002 3122 1171 3196 ῦπόγραψαν

153 3193 334 3250 casaubonus
352 3193 523 3267 ῦπέθριψαν
536 3196 622 3266 uulgo¹
639 3198 705 3250 ante
719 3195 916 3252 casaubonum
935 3193 1100 3266 ἐπίθριηαν
1118 3213 1170 3266 ego

153 3265 484 3336 ef.V119‚1etxs,4
532 3273 566 3322 13
586 3267 786 3330 ἀκολοῦθυςλι
805 3265 967 3323 ἀκόλουθον
980 3267 1036 3321 VM
1057 3268 1059 3339 I
1081 3267 1171 3322 ἅπαν-

151 3356 196 3400 τες
214 3338 236 3390 L
255 3354 307 3392 om.
323 3338 349 3392 R
402 3343 437 3392 20
455 3337 540 3394 πάλιν
559 3335 596 3394 αδ
616 3355 638 3392 ο.
653 3338 749 3395 Nubes
766 3339 868 3394 Mnem.
884 3343 927 3406 30,
943 3343 994 3393 256
1049 3344 1082 3394 22
1101 3340 1171 3394 ῦπο-

151 3405 261 3535 ῗέσξαι
274 3409 296 3533 I
311 3409 415 3534 οΕῖηρρά.
430 3408 492 3465 Elb.
507 3407 647 3466 ἐκθέσθαι
660 3409 717 3464 MV
767 3415 800 3464 23
819 3407 904 3481 μόνος
922 3407 997 3482 μόνῳ
1017 3409 1040 3464 Ο
1058 3412 1171 3480 praeter

192 3495 207 3535 ο
241 3496 301 3534 co.
378 3522 383 3534 .
