2654 3916
582 211 616 218 -
653 181 698 234 ΙΘ
736 211 771 218 -
1120 182 1187 246 299

157 307 239 372 τεὰν
261 313 373 372 πᾶσαν
394 305 450 372 καὶ
473 307 521 384 εἰς
543 303 637 384 τάξιν
659 309 879 391 καταστήσας,
906 307 951 384 ὡς
974 304 1118 385 ἐπέδειξε
1141 318 1186 393 τῷ

161 415 374 502 κατασκόπφ,
404 412 542 498 φράζειν
569 410 721 479 ἐκέλευσε
749 414 833 498 πρὸς
859 413 919 478 τὸν
946 411 1188 488 ἀποστείλαντα

162 529 274 586 πᾶσαν
303 521 365 605 τὴν
392 519 566 604 ἀλήθειαν,
595 520 651 586 καὶ
680 520 764 604 πρὸς
793 512 844 597 οἷς
873 517 1036 586 ἐθεάσατο
1067 521 1187 606 λέγειν,

162 627 215 693 ότι
236 628 399 710 Λαβένιος
426 625 444 692 ὁ
464 623 632 710 Ῥωμαίων
653 627 779 705 ύπατος
807 627 911 693 αὐτὸν
933 633 1117 714 παρακαλεῖ
1142 630 1187 713 μὴ

162 733 275 818 λάθρα
292 732 434 816 πέμπειν
452 732 586 820 έτέρονς
604 731 653 799 ἔτι
671 736 750 811 τοὺς
767 734 1086 819 κατασκεψομένους,
1110 731 1184 802 ἀλλ’
1220 755 1232 795 ε

162 839 268 906 αὐτὸν
290 837 436 906 ἐλθόντα
459 851 614 927 φανερῶς
638 841 723 906 λθειν
746 842 859 907 τεκαὶ
886 848 1010 924 μαθεῖν
1032 843 1095 926 τὴν
1113 840 1188 908 Ῥω-

161 949 270 1030 μαίων
292 946 446 1029 δύναμιν.
486 947 597 1014 Ambr.

200 1058 202 1064 ’
234 1052 306 1119 XIL
330 1053 397 1140 (18,
416 1051 452 1140 2)
472 1050 573 1140 Ἀνήρ
599 1078 650 1132 τις
673 1051 830 1138 Ὀῥλάκος
857 1055 977 1139 ὄνομα,
1009 1055 1188 1134 Ούλσόνιος

162 1159 347 1246 ἐπίκλησιν,
368 1169 430 1227 τοῦ
457 1163 676 1244 Φερεντανῶν
698 1159 823 1240 ἔθνους
845 1163 988 1247 ἡγεμών,
1015 1162 1105 1246 ὁρῶν
1127 1164 1188 1229 τὸν

28 1343 31 1350 ,
162 1268 306 1354 Πύρρον
329 1268 369 1334 ού
392 1270 473 1351 μίαν
493 1265 612 1354 ἔχοντα
635 1269 763 1354 στάσιν,
786 1268 870 1336 ἀλλὰ
891 1278 974 1334 πᾶσι
996 1280 1066 1347 τοῖς
1087 1293 1188 1355 μαχο-
1206 1291 1232 1330 ιο

162 1373 276 1458 μένοις
305 1373 404 1456 ὀξέως
433 1373 706 1460 ἐπιφαινόμενον,
739 1385 916 1462 προσεῖχεν
948 1374 1063 1464 ἐκείνῳ
1095 1379 1187 1464 μόνῳ
1281 1422 1284 1427 -

144 1483 222 1548 τὸν
245 1490 341 1566 νοῦν,
363 1481 419 1548 καὶ
442 1483 520 1548 ὅποι
542 1482 746 1568 παριππεύοι
767 1485 828 1549 τὸν
852 1483 941 1550 ἴδιον
962 1485 1188 1568 ἀντιπαρῆγεν

163 1590 280 1656 ἵππον·
309 1591 368 1655 καί
395 1612 444 1667 τις
476 1590 559 1655 ἰδὼν
588 1589 693 1656 αὐτὸν
721 1601 790 1657 τῶν
816 1593 898 1675 μετὰ
926 1599 987 1656 τοῦ
1015 1589 1227 1674 βασιλέως,2

162 1701 353 1774 Λεοννάτος
388 1696 588 1781 Λεοφάντου
625 1699 804 1782 Μακεδών,
843 1698 1024 1765 ὑποπτεύει
1060 1721 1096 1764 τε
1131 1698 1188 1763 καλ

163 1801 272 1882 δείξας
298 1814 344 1892 τῷ
367 1803 495 1892 Πύρρῳ
519 1801 620 1888 λέγει·
647 1815 769 1872 τοῦτον
791 1807 852 1872 τὸν
875 1807 983 1891 ἄνδρα
1006 1806 1188 1890 φυλάττου,
1207 1823 1232 1864 ιι

162 1915 313 1994 βασιλεῦ·
336 1911 536 1996 πολεμιστὴς
557 1913 622 1998 γὰρ
645 1913 746 1998 ἄκρος
769 1913 824 1978 καὶ
847 1913 909 1978 οὐκ
928 1912 983 1997 ἐφ’
1000 1910 1075 1990 ἑνὸς
1094 1911 1187 1996 έστη-

162 2017 228 2095 κὼς
254 2019 359 2084 τόπου
386 2018 538 2103 μάχεται,
565 2018 604 2084 σὲ
631 2019 669 2084 δὲ
694 2029 876 2104 παρατηρεῑ
897 2019 953 2084 καὶ
975 2018 1110 2084 τέτακεν
1133 2017 1188 2084 ἐπὶ

163 2125 217 2189 σολ
244 2125 314 2197 τὸν,
331 2132 424 2189 νοῦν.
471 2122 522 2211 (3)
552 2129 618 2190 Τοῦ
646 2125 684 2190 δὲ
711 2125 872 2206 βασιλέως
900 2125 1069 2208 λέγοντος·
1096 2126 1131 2189 τά
1151 2121 1183 2189 δ’
1206 2125 1226 2188 3

162 2231 206 2294 ἄν
232 2253 272 2311 με
300 2229 455 2314 δράσειεν
477 2221 526 2307 εἷς
552 2231 601 2296 ὢν
629 2231 811 2308 τοσούτους
838 2228 957 2317 ἔχοντα
984 2231 1060 2314 περὶ
1088 2228 1187 2314 ἐμαυ-

162 2336 236 2412 τόν;
258 2337 317 2400 καί
333 2359 365 2400 τι
384 2337 440 2401 καὶ
460 2337 718 2420 νεανιευομένου
742 2337 819 2422 περὶ
841 2347 899 2422 τῆς
921 2336 1042 2404 ἑαυτοῦ
1066 2338 1187 2425 ῥύμης,
1205 2359 1231 2398 ιο

163 2442 207 2518 ὡς
227 2443 257 2507 εἰ
279 2442 335 2507 καὶ
356 2442 519 2509 συνέλθοι
541 2445 625 2529 πρὸς
648 2444 707 2510 ἕνα
724 2447 827 2528 μόνος
845 2444 907 2510 οὐκ
930 2445 1062 2510 άπεισιν
1081 2445 1186 2511 ὀπίσω

162 2551 298 2636 χαίρων,
322 2549 435 2633 λαβὼν
453 2549 494 2616 ὃν
513 2549 652 2634 άνέμενε
674 2552 793 2636 καιρὸν
812 2549 830 2616 ὁ
853 2553 1060 2636 Φερεντανὸς
1074 2551 1187 2635 Ὀβλά-

127 2661 134 2676 ’
162 2681 220 2735 κος
243 2655 376 2723 ἐλαύνει
399 2660 465 2723 σὺν
486 2667 558 2735 τοῖς
579 2658 656 2744 περὶ
679 2657 784 2724 αὐτὸν
807 2659 855 2736 εἰς
881 2659 986 2742 μέσην
1008 2660 1070 2744 τὴν
1092 2662 1187 2742 βασι-

163 2766 259 2849 λικὴν
282 2765 371 2849 ἴλην·
400 2765 562 2844 διακόψας
589 2765 627 2831 δὲ
648 2766 687 2831 τὸ
711 2767 830 2852 στέφος
851 2775 920 2832 τῶν
941 2763 1035 2850 πέριξ
1060 2765 1187 2830 ἱππέοιν

163 2869 215 2936 ἐπ’
232 2871 336 2938 αὐτὸν
358 2869 495 2958 ἐφέρετο
522 2873 583 2937 τὸν
605 2871 759 2957 βασιλέα,
787 2873 956 2956 διαλαβὼν
984 2868 1187 2957 ἀμφοτέραις
1205 2890 1231 2931 τι

235 3087 267 3136 11
287 3080 508 3154 ἐπιφαινόμενον
526 3083 622 3138 Ambr.
638 3084 661 3149 Q
680 3081 883 3154 ἐπιφερόμενον
897 3083 993 3138 Ambr.
1008 3084 1033 3136 A
1048 3084 1083 3137 cf.
1099 3082 1187 3138 Cobet

86 3189 88 3194 -
162 3151 228 3207 obs.
247 3171 274 3223 p.
291 3159 342 3209 112
395 3161 428 3210 14
442 3162 601 3218 Λεοννάτος
619 3171 671 3224 ego
685 3154 843 3219 Λεοννάτος
856 3155 940 3226 vulgo
990 3160 1024 3209 20
1042 3174 1186 3210 νεανιευο-

161 3221 248 3293 μένου
266 3225 361 3282 Ambr.
435 3233 470 3281 24
492 3230 558 3296 post
581 3224 679 3294 στέφος
702 3226 822 3296 praebet
840 3225 936 3280 Ambr.
956 3226 979 3292 Q
998 3227 1069 3281 haec
1087 3225 1184 3280 verba:

162 3295 351 3359 διασκεδάεας
382 3295 463 3367 φέρει
497 3301 536 3370 τῷ
570 3301 662 3352 κοντῶ
707 3299 757 3352 sed
791 3300 890 3367 postea
923 3300 1002 3352 sunt.
1020 3297 1186 3352 oblitherata

162 3371 196 3490 ἓξ
217 3365 463 3493 Ιόι)μφ]ε1οτέὶφοὶὶςῙτΙόις2
474 3377 570 3440 χεῖρας
587 3339 684 3424 Αιηέάε.
704 3367 876 3439 ἀμφοτέραις
893 3377 955 3431 ταῖς
973 3369 1068 3440 χερσὶν
1087 3368 1186 3423 Struvo

192 3479 198 3491 .
246 3480 251 3491 .
295 3482 300 3492 .
425 3481 432 3507 ,
805 3485 809 3492 ,
907 3487 911 3494 .
